3850 6225
1788 616 2083 709 LIBER
2136 618 2535 711 PRIMUS.

568 1066 2014 1294 NECESSARIA
2114 868 3761 1290 ΈΕΡΕΝΒΕΝΤΙΑ

670 1433 848 1504 QUAM
885 1430 1172 1497 LIBERUM
1213 1428 1570 1494 ARBITRIUM
1609 1428 1820 1492 ΗΑΒΕΤ
1856 1432 1894 1492 Α
1932 1428 2203 1593 ΒΕΟ,ὲ]ἔ
2241 1427 2441 1493 CAUSA
2480 1428 2699 1505 PRIMA,
2740 1427 3023 1498 EJUSQUE
3060 1426 3663 1503 DETERMINATIONE,

1844 1530 1975 1593 VEL
2010 1530 2091 1593 PR
2198 1527 2505 1592 INl'l'lONE.
3012 1538 3029 1553 ⁸

647 1983 882 2068 Scopas
905 1980 1277 2065 proecipuus.
1311 2010 1392 2024 —
1417 1976 1767 2055 Proecipuus
1799 1976 2119 2055 praesentis

563 2078 770 2158 operis
805 2094 1032 2155 scopus
1068 2075 1120 2133 is
1159 2078 1274 2147 est,
1325 2083 1394 2132 ut
1433 2088 1652 2131 verum
1691 2088 1764 2131 ac
1802 2069 2125 2148 proprium

557 2171 740 2233 liberi
765 2169 998 2229 arbitrii
1025 2184 1210 2227 usum
1237 2166 1300 2225 in
1323 2163 1618 2225 humanis
1649 2162 1997 2224 actionibus
2020 2160 2125 2221 de-

560 2264 916 2335 fendamus,
949 2260 1103 2321 nihil
1131 2259 1356 2320 divina}
1389 2256 1757 2328 efficacitati,
1791 2256 1961 2334 quod
1990 2256 2125 2333 ejus

559 2358 904 2417 bonitatem
932 2355 1188 2413 minime
1214 2352 1455 2423 deceat,
1491 2349 1909 2421 attribuendo,
1944 2348 2127 2407 nihil-

559 2469 636 2511 ve
667 2450 836 2528 quod
863 2447 1075 2527 gratiae
1101 2444 1562 2515 necessitatem,
1594 2442 1888 2502 virtutem
1915 2460 1989 2501 ac
2020 2459 2129 2521 ge-

562 2542 844 2603 neralem
861 2539 1312 2617 liberalemque
1335 2534 1963 2597 communicationem
1990 2535 2127 2612 ejus

563 2634 994 2705 commendet,
1039 2629 1486 2693 subtrahenda
1533 2628 1612 2690 Ut
1635 2634 1845 2688 autem
1871 2648 2007 2688 rem
2036 2634 2129 2688 to-

563 2736 693 2789 tam
723 2747 759 2788 a
785 2726 1002 2806 primis
1029 2724 1222 2785 initiis
1250 2742 1323 2784 ac
1350 2721 1774 2782 fundamentis
1806 2739 2124 2792 eruamaS‚

561 2823 629 2885 in
654 2824 772 2881 hoc
792 2820 991 2900 primo
1019 2818 1206 2896 hujus
1231 2816 1439 2895 operis
1460 2814 1642 2887 libre,
1669 2814 2128 2875 declarabimus

561 2916 866 2995 imprimis
905 2915 968 2973 in
1007 2932 1132 2992 quo
1171 2913 1306 2973 hoec
1347 2911 1603 2971 libertas
1647 2908 1886 2969 arbitrii
1925 2909 2127 2987 posita

564 3010 662 3083 sit,
690 3015 752 3070 et
771 3010 836 3069 in
856 3025 980 3085 quo
1003 3008 1080 3067 sit
1099 3006 1344 3083 integra
1369 3003 1772 3075 servanda,et
1793 3001 1872 3061 ad
1895 3007 2129 3062 utrum-

560 3102 714 3162 libet
751 3099 1061 3180 expedita.
1099 3096 1333 3159 Deinde
1373 3115 1584 3157 veram
1615 3114 1690 3157 ac
1727 3094 2127 3156 essentialem

565 3194 1139 3255 sub01dinationem
1166 3209 1239 3251 ac
1260 3188 1769 3268 dependentiam‚
1799 3205 1989 3266 quam
2014 3187 2127 3246 hu-

561 3305 822 3348 manum
845 3285 1168 3346 arbitrium
1189 3282 1382 3344 habet
1403 3301 1440 3342 a
1459 3283 1585 3342 Deo
1612 3287 1678 3342 ut
1691 3281 1892 3359 prima
1912 3298 2125 3352 causa,

567 3379 1045 3440 declarabimus,
1093 3378 1188 3448 Et,
1236 3375 1534 3455 quoniam
1566 3374 1687 3434 hoc
1735 3379 1951 3433 exacte
1994 3371 2133 3432 fieri

566 3493 694 3533 non
723 3477 929 3551 potest
947 3471 1098 3551 quin
1117 3470 1312 3530 multa
1338 3486 1414 3529 ex
1431 3469 1528 3528 his
1550 3468 1959 3546 attingantur,
1992 3483 2131 3545 quae

569 3566 811 3626 coeteris
853 3565 1056 3624 causis
1094 3561 1387 3624 secundis
1425 3559 1786 3621 communia
1821 3564 2000 3631 sunt,
2046 3559 2131 3619 ita

563 3659 630 3720 id
663 3657 1100 3737 praestahimus
1125 3701 1141 3728 ,
1187 3660 1258 3714 ut
1289 3653 1444 3714 nihil
1486 3653 1756 3731 amplius
1793 3669 1985 3730 quam
2024 3669 2133 3710 ne-

571 3769 746 3812 cesse
771 3750 870 3824 sit,
918 3750 982 3810 in
1003 3749 1099 3808 his
1127 3765 1266 3826 quae
1293 3764 1455 3826 pene
1483 3745 1918 3824 philosophica
1946 3748 2092 3804 sunt
2112 3788 2129 3816 ‚

571 3846 1016 3916 immoremur;
1071 3859 1214 3902 cum
1253 3839 1510 3901 omnino
1547 3837 2017 3918 praetermittere
2060 3854 2137 3897 ea

569 3957 700 3999 non
726 3936 1058 4015 possimus,
1085 3951 1225 4014 quoe
1249 3933 1367 3994 nisi
1393 3951 1518 4012 prae
1539 3931 1734 3992 oculis
1757 3930 2131 4002 habeantur,

569 4031 734 4092 vires
762 4047 835 4091 ac
865 4033 1184 4090 momenta
1214 4027 1548 4099 rationum,
1577 4024 1804 4104 quibus
1832 4023 1964 4084 hoec
1992 4023 2141 4082 doc-

575 4125 736 4186 trina
789 4141 1018 4202 magna
1069 4138 1146 4180 ex
1187 4125 1364 4198 parte
1407 4119 1644 4193 nititur,
1689 4115 2141 4195 comprehendi

571 4236 701 4278 non
752 4221 1067 4296 poterunt.
1135 4213 1202 4273 In
1247 4213 1464 4272 ultima
1520 4212 1708 4290 igitur
1755 4210 1947 4289 hujus
1999 4208 2139 4269 libri

574 4315 750 4390 parte
775 4309 940 4368 hanc
968 4307 1376 4386 quoestionem
1415 4305 1478 4364 in
1516 4303 1832 4365 communi
1862 4302 2143 4380 disputa-

511 4409 518 4416 “
571 4403 802 4474 bimus,
851 4419 932 4460 an
978 4419 1054 4460 ex
1083 4399 1214 4461 sola
1243 4417 1318 4460 ac
1345 4398 1599 4476 praecisa
1633 4393 2141 4456 subordinatione

577 4513 652 4556 ac
677 4494 1119 4574 dependentia,
1174 4508 1364 4571 quam
1405 4490 1684 4550 humana
1729 4488 2044 4561 voluntaS‚
2073 4494 2145 4549 ut

579 4605 770 4648 causa
799 4585 1098 4656 secunda,
1131 4583 1380 4643 habeta
1409 4583 1559 4654 Deo,
1599 4588 1664 4643 ut
1689 4581 1892 4660 prima
1923 4599 2138 4653 causa,

579 4683 764 4760 egeat
811 4695 1084 4755 semper,
1137 4677 1202 4736 in
1245 4672 1417 4736 omni
1450 4675 1694 4735 actione
1727 4691 1865 4746 sua,
1911 4674 2143 4751 praevia

579 4771 1098 4836 determinatione
1127 4769 1408 4849 physica,
1439 4774 1511 4829 ut
1539 4775 1854 4847 operetur.

1197 4969 1450 5031 CAPUT
1487 4969 1534 5028 Ι.

573 5161 722 5214 QUOD
750 5157 984 5205 fimum
1017 5155 1280 5202 Anmnm
1327 5154 1610 5200 manans
1635 5153 2145 5200 mmrrssmm'rux

983 5249 1045 5294 m
1073 5247 1382 5294 ortamno
1423 5246 1744 5300 nitemur.

665 5431 722 5490 1.
773 5426 918 5501 Qua·
944 5421 1071 5488 sint
1101 5421 1638 5504 proetermittenda.
1679 5453 1760 5467 —
1801 5422 1981 5484 Esset
2008 5422 2148 5501 qui-

575 5522 721 5586 dem
773 5522 892 5582 hoc
937 5517 1075 5580 loco
1120 5517 1570 5596 importunum,
1622 5520 1684 5576 et
1732 5515 1814 5575 ab
1863 5514 2145 5578 instituto

2202 1974 2502 2045 alienum,
2536 1976 2599 2035 in
2628 1974 3003 2053 quibusdam
3028 1976 3177 2037 fidei
3200 1974 3605 2057 dogmatibus
3630 1994 3767 2036 con-

2202 2067 2530 2129 firmandis
2558 2068 2905 2143 immorari,
2949 2070 3281 2145 nimirum,
3328 2088 3466 2131 esse
3496 2070 3561 2129 in
3592 2069 3765 2129 nobis

2208 2167 2269 2222 et
2310 2161 2671 2223 facultatem
2712 2168 2777 2223 et
2812 2180 2999 2223 usum
3038 2164 3217 2224 liberi
3258 2163 3515 2239 arbitrii,
3566 2168 3631 2223 et
3658 2164 3765 2223 hoc

2204 2272 2411 2333 neque
2438 2254 2629 2315 fuisse
2668 2274 2783 2335 per
2814 2256 3115 2335 originale
3153 2263 3485 2337 peccatum
3514 2274 3767 2333 prorsus

2208 2348 2568 2419 extinctum,
2596 2366 2802 2426 neque
2832 2366 2969 2410 esse
2998 2368 3135 2410 rem
3159 2351 3236 2410 dc
3266 2350 3399 2410 solo
3422 2350 3632 2421 titulo,
3668 2348 3767 2408 scd

2204 2458 2420 2501 veram
2438 2460 2570 2501 rem
2588 2442 2731 2501 huic
2743 2441 2981 2503 nomini
2998 2462 3071 2503 ac
3087 2443 3265 2504 titulo
3284 2443 3543 2503 subesse
3564 2462 3581 2515 ;
3600 2428 3769 2501 iubis

2208 2551 2483 2611 namque
2514 2533 2803 2595 omnihus
2828 2536 3127 2597 Catholici
3156 2554 3375 2596 omnes
3404 2537 3593 2613 (inter
3618 2553 3769 2611 quos

2207 2644 2487 2704 praesens
2528 2629 2953 2688 controversia
2996 2630 3303 2705 versatur)
3348 2629 3765 2698 conveniunt,

2210 2718 2509 2796 quoniam
2542 2726 2603 2780 et
2632 2738 2883 2798 semper
2912 2714 3169 2781 fuerunt
3195 2722 3261 2781 in
3292 2722 3569 2782 Ecclesia
3609 2727 3771 2781 certa

2208 2810 2333 2872 fide
2358 2818 2633 2891 recepta,
2680 2819 2743 2873 et
2769 2814 3107 2875 novissime
3140 2815 3203 2875 in
3230 2814 3593 2875 Tridentino
3622 2816 3775 2875 Con-

2208 2905 2349 2966 cilio
2378 2912 2523 2966 sunt
2550 2924 2845 2985 expresse
2872 2907 3157 2969 definita.
3302 2936 3307 2943 ·

2306 2999 2449 3064 Vide
2506 3000 2739 3082 Veyam,
2786 3000 2891 3063 lib.
2945 3004 2985 3063 2
3036 3002 3104 3063 in
3151 3000 3481 3065 Concilium
3522 3002 3778 3065 Triden-

2213 3090 2429 3166 timm,
2464 3110 2596 3174 cap.
2628 3094 2703 3154 12
2731 3098 2789 3158 et
2817 3113 2975 3176 seqq.
3001 3121 3025 3168 ;
3068 3093 3218 3158 Soto
3249 3140 3265 3168 ,
3296 3093 3398 3157 zib.
3432 3096 3500 3158 dc
3524 3094 3689 3159 Nat.
3725 3102 3779 3158 et

2208 3192 2401 3267 gyrat„
2445 3203 2575 3266 cap.
2612 3189 2726 3259 153
2771 3187 2955 3261 Wal„
3008 3193 3149 3250 tom.
3187 3193 3243 3260 1,
3288 3207 3419 3268 cap.
3454 3189 3527 3248 21
3560 3195 3619 3251 et
3654 3207 3773 3269 seq.

2208 3280 2529 3342 Fevardcn
2550 3279 2617 3340 iu
2638 3280 2837 3353 Iron„
2856 3280 2959 3342 lib.
2984 3281 3047 3353 4,
3062 3299 3195 3362 cap.
3222 3284 3331 3354 71,·
3342 3283 3423 3342 D.
3448 3281 3691 3358 stom„
3722 3288 3773 3342 1.

2211 3373 2271 3446 2,
2307 3391 2364 3451 q.
2402 3375 2457 3446 1,
2500 3375 2623 3434 art.
2664 3375 2744 3446 1,·
2778 3375 3041 3455 Mayis„
3079 3373 3147 3435 iu
3186 3377 3247 3446 2,
3292 3377 3351 3437 d.
3398 3376 3775 3457 243Ma9125.

2212 3482 2348 3527 cum
2374 3465 2645 3539 Doctor„
2691 3467 2753 3538 2,
2784 3467 2844 3528 d.
2877 3469 2990 3538 24;
3026 3469 3105 3529 D.
3146 3469 3385 3542 Tltont„
3418 3472 3448 3528 1
3474 3473 3675 3550 part„
3720 3489 3773 3550 q.

2211 3557 2332 3629 82;
2371 3561 2425 3618 1.
2464 3559 2526 3630 2,
2556 3576 2616 3639 q.
2652 3559 2764 3632 133
2804 3559 3170 3639 Awyustin„
3200 3561 3267 3622 in
3302 3561 3593 3631 Euchir„
3640 3581 3777 3644 cap.

2218 3651 2333 3710 105
2356 3695 2371 3720 ‚
2410 3651 2516 3712 lib.
2546 3655 2585 3713 5
2612 3652 2681 3714 do
2714 3650 2882 3727 Cia,
2930 3670 3063 3733 cap.
3108 3655 3189 3716 23
3222 3659 3282 3717 et
3320 3657 3435 3728 30,
3470 3661 3528 3718 et
3562 3655 3673 3717 lib.
3710 3658 3777 3718 da

2215 3742 2411 3804 Duab.
2447 3744 2708 3806 animab.
2740 3750 2897 3810 cont.
2934 3747 3203 3822 Manio„
3230 3765 3281 3810 ο.
3319 3750 3427 3821 1ος
3456 3749 3773 3820 Dama-sc„

2216 3833 2321 3897 lib.
2358 3837 2383 3894 1
2410 3835 2481 3897 de
2506 3834 2677 3907 Fid..
2706 3854 2840 3918 cap.
2866 3841 2969 3912 2&
3002 3841 3043 3900 2
3066 3841 3304 3916 Maeli„
3340 3844 3399 3914 1;
3433 3842 3635 3915 Dent„
3670 3843 3775 3914 12;

2218 3929 2420 3990 Emod.
2456 3931 2567 4002 35;
2608 3931 2802 3993 Hebr.
2836 3933 2934 3993 1⁰.
2970 3965 3051 3979 —
3096 3935 3334 3995 Rursus
3362 3952 3491 3994 non
3524 3940 3617 3996 est
3654 3936 3777 3994 hoc.

2219 4019 2357 4082 loco
2420 4022 2801 4086 Scholastica
2834 4069 2852 4098 ,
2912 4043 3024 4088 seu
3073 4028 3282 4106 potius
3340 4027 3779 4107 Philosophica

2221 4114 2479 4192 quoestio
2508 4117 2825 4196 agitanda,
2850 4118 2917 4178 in
2937 4137 3086 4199 qua,
3112 4119 3421 4196 videlicet,
3448 4127 3623 4201 parte
3650 4123 3785 4182 ani-

2220 4223 2340 4266 mae
2364 4214 2592 4270 nostrae
2616 4209 2877 4272 facultas
2906 4213 3041 4274 haec
3064 4214 3146 4274 ad
3166 4213 3361 4276 libere
3388 4217 3781 4294 operandum

2222 4301 2339 4362 sita
2368 4301 2466 4362 sit.
2518 4303 2674 4364 Cum
2712 4305 2881 4366 enim
2909 4311 3153 4368 constet
3182 4307 3249 4367 in
3277 4325 3569 4388 suprema
3594 4315 3657 4370 et
3684 4311 3784 4370 in-

2220 4395 2556 4458 tellectuali
2604 4397 2829 4460 animoe
2872 4399 3155 4479 portione
3200 4419 3339 4463 esse
3386 4403 3781 4478 collocatam,

2223 4494 2285 4550 et
2312 4487 2457 4550 idco
2486 4489 2847 4554 facultatem
2874 4511 3013 4555 esse
3042 4493 3377 4556 voluntatis
3406 4501 3471 4557 et
3497 4498 3785 4569 rationiS,

2224 4585 2293 4640 ut
2308 4581 2378 4640 D.
2398 4581 2621 4643 Thom.
2637 4589 2699 4644 ct
2714 4587 3165 4647 sententiarum
3194 4587 3491 4667 Magister
3514 4590 3791 4650 tradide-

2222 4677 2406 4745 runt,
2456 4673 2601 4736 licet
2628 4680 3002 4742 controverti
3042 4679 3241 4742 soleat
3267 4682 3432 4743 inter
3460 4683 3793 4744 scholasti-

2229 4784 2337 4826 cos
2362 4768 2714 4848 Theologos
2738 4815 2755 4845 ,
2792 4789 3084 4851 quamam
3112 4774 3337 4835 harum
3362 4777 3795 4855 potentiarum

2222 4859 2473 4938 proprie
2499 4879 2575 4922 ac
2598 4862 2943 4926 formaliter
2964 4867 3091 4926 vim
3114 4867 3277 4930 hanc
3301 4868 3498 4932 libere
3522 4887 3795 4950 operan-

2224 4950 2289 5011 di
2313 4951 2542 5014 habeat
2562 4999 2577 5027 ,
2608 4954 2690 5015 ad
2716 4956 3012 5037 dogmata
3040 4960 3443 5022 nihilominus
3466 4963 3611 5024 fidei
3638 4963 3797 5023 defi-

2224 5043 2479 5120 nienda,
2514 5053 2579 5109 et
2596 5049 2678 5110 ad
2698 5053 3188 5114 controversiam
3210 5055 3273 5114 in
3294 5073 3419 5133 qua
3440 5055 3630 5117 modo
3652 5073 3795 5116 ver-

2226 5157 2473 5213 samur,
2506 5159 2636 5203 non
2670 5143 2939 5206 multum
2974 5145 3038 5208 id
3070 5148 3299 5223 refert3
3345 5149 3687 5211 dummodo
3726 5151 3795 5209 id

2226 5231 2481 5292 firmum
2509 5233 2587 5294 sit
2616 5240 2681 5295 et
2708 5243 3003 5299 constans
3046 5257 3184 5302 esse
3212 5241 3279 5302 in
3312 5243 3621 5321 superiori
3652 5243 3799 5303 ani-

2227 5325 2315 5384 mi
2351 5331 2527 5404 parte
2569 5327 2733 5390 hanc
2762 5329 2887 5390 vim
2923 5338 2985 5393 et
3021 5339 3413 5412 potestatem.
3466 5337 3545 5398 Ut
3572 5340 3796 5397 tamen

2226 5416 2468 5480 facilius
2506 5420 2571 5480 in
2610 5427 2739 5483 tota
2774 5422 2893 5484 hac
2930 5427 3191 5487 materia
3229 5428 3403 5506 loqui
3444 5430 3791 5509 possimuS‚

2228 5529 2657 5592 supponamus
2680 5516 2843 5578 hanc
2866 5517 3225 5582 facultatem
3248 5523 3511 5586 liberam
3536 5525 3797 5603 proprie
