3850 6225
523 413 644 473 500
687 366 693 370 ’

519 535 632 581 suo
663 516 878 578 ordine
919 514 1236 579 sufficiens
1271 534 1484 590 causa,
1517 521 1583 579 et
1608 514 1920 577 sufficiens
1948 532 2084 577 mo-

517 610 663 673 ralis
709 609 1052 689 dispositiO,
1101 610 1150 669 si
1197 610 1452 671 aliunde
1493 628 1622 671 non
1649 608 2085 689 interponatur

516 703 698 765 obex.
745 702 946 775 Unde,
989 702 1040 761 si
1077 702 1342 763 velimus
1380 708 1710 781 utramque
1737 702 1910 763 illam
1943 719 2087 781 gra-

515 796 668 859 tiam
697 802 996 876 tanquam
1015 814 1208 857 unam
1235 796 1626 875 adaequatam
1647 794 1915 855 formam
1938 813 2085 856 con-

515 890 814 965 siderare,
845 890 1126 951 dicemus
1149 889 1621 969 dispositionem
1651 888 1730 949 ad
1759 888 1931 949 illam
1954 906 2083 949 non

516 1002 654 1047 esse
683 984 1117 1045 contritionem
1145 982 1344 1043 solam
1371 982 1717 1043 secundum
1748 1000 1838 1055 se,
1873 980 1987 1043 sed
2014 984 2083 1041 ut

517 1079 654 1159 conj
665 1083 914 1138 unctam
970 1076 1260 1138 omnihus
1323 1075 1748 1155 superioribus
1797 1073 2037 1135 meritis
2058 1117 2076 1148 ‚

515 1172 785 1250 ideoque
801 1170 1223 1232 remissiorem
1236 1168 1694 1241 contritionem,
1707 1174 1776 1229 ut
1791 1169 1929 1247 conj
1938 1185 2083 1228 unc-

514 1268 646 1324 tam
687 1263 970 1343 pluribus
994 1262 1492 1341 praecedentihus
1515 1262 1774 1337 meritis,
1804 1259 2083 1341 reputari

513 1356 838 1417 moraliter
859 1355 1184 1417 meliorem
1213 1354 1704 1435 dispositionem,
1729 1371 1916 1432 quam
1940 1370 2085 1414 con·-

513 1448 831 1511 tritionem
885 1447 1290 1509 intensiorem
1343 1448 1478 1509 sine
1533 1452 1624 1508 tot
1676 1446 1947 1519 meritiS,
2011 1464 2085 1506 ac

514 1542 778 1623 proinde
824 1541 1066 1603 nullum
1111 1559 1248 1603 esse
1299 1540 1746 1603 inconveniens
1769 1540 1942 1620 quod
1974 1538 2087 1599 ali-

515 1636 766 1715 quando
801 1642 1090 1715 resurgat
1115 1635 1400 1695 absolute
1447 1652 1590 1695 cum
1631 1634 1858 1713 majori
1885 1633 2085 1714 gratia

516 1728 622 1808 qui
676 1729 1112 1790 contritionem
1180 1728 1401 1788 habuit
1459 1727 1667 1787 minus
1717 1728 2029 1787 intensam
2062 1770 2079 1801 ,

515 1823 569 1883 si
623 1822 856 1901 alioqui
905 1822 971 1883 in
999 1821 1246 1899 ‘meritis
1287 1820 1784 1901 praecedentibus
1813 1820 2083 1880 multum

516 1915 780 1977 excedit.

595 2010 696 2071 27.
747 2008 1166 2091 Respondetm·
1208 2010 1291 2071 ad
1331 2008 1672 2071 secundam.
1714 2040 1796 2055 -
1847 2007 1945 2069 Ad
1984 2024 2085 2067 se-

513 2102 790 2163 cundum
811 2101 1090 2163 similiter
1115 2102 1552 2181 respondetur,
1581 2101 1846 2181 gratiam
1859 2098 2085 2181 justifi-

515 2195 796 2269 cationis,
842 2213 982 2274 quae
1020 2214 1098 2257 ex
1119 2197 1180 2257 vi
1209 2196 1376 2257 illius
1403 2214 1520 2275 per
1548 2213 1615 2256 se
1648 2194 1854 2266 datur,
1886 2198 2083 2255 totam

515 2290 708 2369 gratis
734 2288 892 2361 dari,
921 2295 994 2349 ut
1017 2294 1188 2351 recte
1232 2294 1674 2369 argumentum
1703 2289 1956 2367 proban
1988 2288 2085 2347 ni-

513 2382 852 2443 hilominus
897 2386 1113 2443 tamen
1161 2398 1304 2443 cum
1359 2382 1462 2441 illa
1521 2381 1724 2459 gratia
1775 2398 1961 2460 posse
2020 2380 2085 2441 in

514 2476 738 2537 eodem
781 2475 1032 2536 instanti
1069 2474 1366 2555 conjungi
1409 2474 1620 2547 aliam,
1659 2493 1822 2554 quae,
1856 2491 2085 2554 suppo-

515 2570 630 2631 sita
668 2568 858 2648 priori
884 2568 1082 2648 gratia
1114 2566 1486 2647 (secundum
1531 2566 1816 2628 ordinem
1843 2574 2084 2628 naturae

511 2662 872 2742 loquimur),
915 2680 1044 2722 non
1085 2662 1268 2721 detur
1317 2662 1532 2741 gratis,
1571 2660 1684 2721 sed
1717 2678 1792 2721 ex
1819 2660 2080 2733 meritis,

513 2756 564 2817 si
595 2756 696 2817 illa
718 2760 1197 2835 praecesserunt,
1231 2755 1378 2833 quia
1407 2755 1472 2815 in
1499 2754 1620 2816 hoc
1647 2754 1820 2814 nulla
1845 2760 1942 2815 est
1982 2772 2083 2815 re-

512 2848 860 2929 pugnantia
885 2867 901 2921 ;
929 2864 1140 2926 neque
1171 2848 1362 2908 etiam
1391 2851 1487 2908 est
1513 2851 1729 2909 contra
1759 2847 2081 2908 liberalem

513 2950 576 3004 et
605 2942 939 3024 gratuitam
964 2940 1500 3020 justificationem,
1533 2958 1678 3003 cum
1713 2940 1854 3001 talis
1883 2942 2083 3020 gratia

512 3054 628 3118 per
659 3054 726 3097 se
775 3036 855 3095 ad
899 3035 1070 3095 illam
1115 3035 1524 3096 mutationem
1575 3052 1702 3095 non
1748 3035 2081 3114 pertineat,

511 3151 632 3194 nec
653 3135 982 3210 reputetur
1002 3135 1073 3190 ut
1091 3131 1314 3208 prima,
1349 3128 1461 3190 sed
1487 3135 1554 3190 ut
1575 3128 1853 3190 secunda
1877 3128 2083 3208 adjec-

515 3233 576 3286 ta
602 3225 838 3304 primae,
871 3223 1094 3284 saltem
1119 3223 1468 3285 secundum
1495 3221 1778 3284 ordinem
1813 3229 2075 3282 naturae.

514 3319 728 3398 Neque
777 3322 872 3378 est
897 3333 1131 3378 novum
1161 3322 1270 3376 aut
1297 3314 1614 3395 singulare
1641 3313 1706 3374 in
1739 3313 1856 3376 hoc
1893 3331 2085 3394 nego-

515 3411 624 3487 tio,
647 3408 815 3488 quod
835 3410 900 3469 in
921 3409 1144 3470 eodem
1171 3408 1426 3470 instanti
1447 3407 1857 3468 infundantur
1882 3407 2081 3468 diver-

513 3503 568 3564 si
613 3503 845 3582 gradus
893 3502 1108 3579 gratim
1151 3520 1226 3563 ex
1266 3501 1527 3562 diversis
1555 3500 1750 3561 titulis
1779 3505 1840 3562 el
1871 3499 2083 3580 capiti-

513 3598 652 3658 bus.
685 3597 842 3658 Nam
883 3595 990 3673 qui
1037 3593 1180 3654 ficte
1212 3594 1562 3673 baptizatus
1609 3593 1748 3669 fuit,
1801 3600 1866 3654 et
1913 3593 1979 3654 in
2006 3609 2083 3656 eo

513 3690 826 3769 peccavit,
857 3696 919 3749 et
949 3692 1168 3767 postea
1205 3687 1568 3765 conteritur,
1599 3687 1698 3748 vel
1722 3686 1910 3748 etiam
1939 3704 2088 3746 con-

515 3783 748 3856 fitetur,
781 3781 1096 3861 duplicem
1117 3781 1384 3860 gratiam
1409 3781 1666 3861 recipit:
1689 3797 1882 3840 unam
1905 3779 2087 3840 ratio-

515 3893 594 3938 ne
659 3875 1079 3954 baptismatis,
1139 3873 1332 3935 aliam
1381 3874 1622 3936 ratione
1677 3873 2081 3952 poenitentias.

515 3971 730 4048 Neque
783 3969 972 4029 etiam
1015 3973 1327 4047 repugnat
1377 3967 1564 4027 simul
1589 3965 1871 4044 recipere
1924 3964 2085 4026 duos

515 4062 749 4141 gradus
779 4060 1018 4141 gratioe,
1050 4077 1252 4120 unum
1287 4059 1504 4139 gratie,
1539 4065 1601 4120 et
1629 4059 1824 4120 alium
1853 4077 1931 4119 ex
1949 4057 1975 4137 j
1985 4074 2088 4118 us-

517 4158 678 4230 titia;
719 4173 870 4216 nam
912 4155 1120 4235 justus
1169 4154 1274 4232 qui
1329 4153 1586 4234 suscipit
1631 4151 2087 4213 Eucharistiam

515 4250 616 4310 vel
643 4248 814 4309 aliud
841 4255 1328 4321 sacramentum,
1363 4247 1442 4307 de
1471 4246 1784 4327 condigno
1809 4251 2087 4306 meretur

518 4347 581 4403 et
609 4341 848 4402 obtinet
887 4341 1162 4419 aliquem
1191 4339 1456 4420 gradum
1485 4339 1702 4420 gratiae
1747 4357 1861 4418 per
1908 4338 2086 4397 illum

517 4440 748 4508 actum,
783 4441 1095 4514 quatenus
1121 4440 1218 4494 est
1237 4451 1397 4512 opus
1417 4432 1756 4512 operantiS,
1776 4437 1846 4494 ut
1872 4430 2049 4492 aiunt
2064 4444 2086 4506 ;

521 4533 585 4589 et
615 4534 830 4588 tamen
859 4527 920 4588 ei
945 4526 1129 4588 datur
1153 4525 1339 4586 simul
1365 4527 1577 4605 aliqua
1607 4526 1806 4606 gratia
1837 4543 1914 4586 ex
1944 4543 2089 4604 ope-

519 4639 588 4682 re
633 4625 914 4699 operato,
967 4637 1108 4699 quae
1139 4619 1330 4700 gratis
1369 4620 1428 4680 ei
1455 4619 1643 4681 datur
1671 4621 1961 4698 respectu
1996 4618 2091 4698 ip-

523 4713 676 4786 sius,
707 4713 992 4792 quamvis
1025 4712 1208 4773 detur
1239 4731 1316 4774 ex
1342 4712 1581 4791 justitia
1609 4718 1900 4791 respectu
1920 4711 2091 4771 Chri-

523 4809 624 4870 sti.
657 4807 758 4870 Sic
787 4824 938 4886 ergo
964 4805 1030 4866 in
1056 4806 1370 4884 praesenti,
1404 4805 1606 4885 prima
1637 4806 1834 4885 gratia
1862 4822 1937 4865 ac
1978 4821 2093 4883 per

521 4918 592 4964 se
633 4898 1094 4980 justificationis
1139 4898 1258 4978 ipsi
1307 4899 1620 4977 peccatori
1651 4899 1842 4978 gratis
1880 4897 2087 4970 datur,

521 4995 668 5056 licet
695 5009 776 5054 ex
795 4991 1036 5072 justitia
1083 4991 1336 5064 Christi;
1383 4993 1448 5052 et
1469 4989 1874 5051 nihilominus
1904 4988 2087 5051 simul

525 5086 711 5149 datur
737 5085 936 5167 gratia
961 5083 1454 5164 praecedentium
1479 5083 1843 5145 meritorum
1871 5101 1950 5144 ex
1970 5083 2089 5144 vir-

523 5185 656 5242 tute
679 5180 951 5253 illorum,
980 5183 1168 5256 atque
1201 5176 1362 5238 adeo
1393 5193 1470 5238 ex
1501 5176 1740 5255 justitia
1767 5175 2096 5256 ipsiusmet

523 5271 894 5354 peccatoris,
914 5269 1020 5350 qui
1045 5270 1221 5348 prius
1233 5271 1442 5349 justus
1462 5269 1599 5344 fuit,
1629 5269 1842 5348 etjam
1857 5274 1955 5331 est
1964 5269 2097 5348 jus·

527 5365 816 5427 tificatus.

606 5459 708 5520 28.
735 5456 838 5521 Aa
865 5455 1129 5522 tertiam.
1133 5455 1312 5516 —Ad
1333 5454 1612 5530 tertium,
1641 5453 2097 5534 respondemus

525 5553 820 5620 meritum
831 5553 1046 5634 gratiae
1069 5557 1134 5614 et
1150 5549 1364 5632 gloriae
1391 5547 1549 5609 adeo
1575 5565 1714 5610 esse
1735 5549 1976 5624 efficax,
2004 5551 2094 5627 ut,

1095 414 1307 468 OPUSG.
1343 415 1402 467 V.
1437 412 1742 467 RELsscho
1776 414 1856 467 m:
1887 413 2367 468 Iti-:viviscssmm
2398 416 2778 471 ammonuit.
2812 415 3053 493 ptsvur.
3088 415 3151 467 n.

2168 522 2473 595 quantum
2514 522 2608 577 est
2644 534 2723 577 ex
2766 532 2857 589 se,
2901 532 3031 575 non
3070 517 3319 574 tantum
3354 508 3711 570 infusionem

2167 610 2403 689 gratiae,
2436 609 2547 670 sed
2578 610 2763 671 etiam
2808 612 3175 687 perpetuam
3220 607 3363 685 ejus
3402 620 3719 665 conserva-

2164 704 2401 765 tionem
2452 722 2529 763 ex
2570 702 2805 781 justitia
2842 701 3145 774 obtineat,
3198 700 3373 780 quod
3423 699 3493 759 in
3542 697 3721 777 gloria

2164 804 2261 858 est
2306 796 2903 868 manifestissimum,
2936 801 3001 855 et
3032 794 3179 855 inde
3227 793 3559 855 evidenter
3590 810 3723 852 con-

2163 890 2431 951 cluditur
2465 890 2547 950 de
2588 888 2823 969 gratia;
2866 888 3013 967 quia
3046 888 3241 967 gloria
3270 903 3611 965 nunquam
3646 904 3727 945 se·

2160 988 2417 1063 paratur
2455 1001 2493 1043 a
2531 982 2998 1063 proportionata
3034 982 3259 1059 gratia.
3292 980 3611 1041 Differ-unt
3652 984 3731 1039 ta-

2160 1096 2308 1139 men
2338 1078 2401 1139 in
2440 1078 2583 1151 hoc,
2624 1075 2793 1157 quod
2830 1074 3027 1156 gloria
3056 1075 3255 1136 semel
3294 1074 3455 1135 data
3494 1092 3623 1133 non
3650 1078 3733 1133 est

2162 1170 2539 1242 amissibilis,
2562 1175 2625 1231 et
2645 1170 2785 1231 ideo
2810 1168 2949 1248 ejus
2976 1167 3369 1229 conservatio
3398 1166 3733 1227 interrum-

2162 1264 2225 1343 pi
2263 1282 2394 1325 non
2413 1266 2653 1342 potest3
2692 1262 2893 1342 gratia
2924 1278 3074 1321 vero
3113 1259 3483 1321 amissibilis
3516 1265 3635 1331 est,
3675 1278 3733 1318 ac

2162 1364 2495 1437 propterea
2543 1362 2749 1436 potest
2794 1354 3091 1416 continua
3148 1356 3285 1435 ejus
3346 1353 3733 1414 conservatio

2166 1450 2527 1530 interpolari
2583 1456 2840 1529 propter
2888 1448 3417 1527 impedimentum
3486 1447 3729 1525 peccati

2166 1546 2257 1605 Ex
2304 1544 2525 1605 eodem
2564 1548 2775 1603 autem
2818 1542 3124 1621 principio
3172 1541 3501 1620 provenit,
3554 1545 3618 1600 et
3666 1558 3731 1600 ex

2168 1636 2389 1699 eadem
2414 1637 2617 1698 meriti
2660 1636 2933 1697 efficacia
2965 1636 3265 1707 nascitur,
3298 1640 3395 1707 ut,
3430 1634 3583 1695 licet
3608 1652 3733 1693 cun·

2166 1732 2433 1793 servatio
2480 1732 2695 1810 gratiae
2736 1736 2993 1809 propter
3028 1735 3361 1808 peccatum
3395 1728 3733 1805 interrupta

2164 1824 2261 1897 sit,
2294 1824 2345 1883 si
2392 1822 2713 1885 auferatur
2742 1821 3261 1901 impedimentum
3302 1822 3585 1901 peccati,
3626 1828 3733 1879 sta-

2160 1917 2274 1977 tim
2302 1916 2483 1996 quasi
2514 1916 2940 1986 continuetur;
2970 1932 3121 1974 nam
3158 1914 3281 1975 hoc
3310 1914 3515 1973 etiam
3540 1912 3735 1991 requi-

2162 2012 2241 2072 rit
2294 2012 2427 2089 ipsa
2460 2009 2679 2090 gloria,
2714 2027 2853 2088 quae
2896 2026 2974 2069 ex
3010 2008 3071 2069 vi
3120 2007 3229 2068 tali
3272 2008 3491 2067 meriti
3540 2006 3737 2067 danda

2166 2122 2417 2183 semper
2446 2107 2769 2175 servatum
2813 2101 2960 2180 quia
2990 2101 3071 2161 ad
3096 2101 3269 2161 illam
3298 2118 3499 2161 nemo
3528 2118 3737 2178 accep—

2163 2204 2353 2270 tatur,
2400 2215 2607 2276 neque
2637 2196 2977 2256 intrinsece
3011 2194 3277 2255 idoneus
3300 2193 3599 2255 redditur
3632 2194 3735 2253 nisi

2164 2309 2281 2371 per
2305 2291 2589 2369 gratiam.
2624 2289 2717 2350 Ob
2748 2288 2910 2348 hanc
2936 2304 3087 2364 ergo
3116 2304 3405 2359 causmn,
3436 2286 3587 2347 licet
3610 2304 3735 2365 pro-

2164 2391 2305 2464 pter
2360 2382 2721 2463 praecedens
2777 2383 3071 2442 meritum
3126 2380 3268 2441 talis
3328 2381 3539 2460 gratia
3604 2381 3731 2441 data

2163 2478 2374 2543 fuerit.
2424 2494 2691 2555 eamque
2729 2480 3021 2553 peccator
3046 2492 3161 2533 sua
3202 2474 3393 2553 culpa
3438 2474 3725 2540 amiserit.

2164 2570 2569 2631 nihilominus
2619 2567 2825 2629 ablata
2876 2567 3061 2645 culpa
3108 2566 3319 2627 statim
3366 2568 3725 2637 raetiutitm,

2164 2680 2375 2741 neque
2402 2662 2505 2721 illa
2535 2666 2847 2733 censetur,
2894 2660 3212 2720 moraliter
3246 2659 3601 2738 loquenda,
3630 2660 3731 2719 du—

2161 2756 2308 2837 plex
2331 2754 2753 2816 remuneratio
2782 2752 3068 2833 ejusdem
3096 2754 3327 2827 meriti,
3356 2754 3479 2814 sed
3500 2762 3599 2815 est
3616 2773 3731 2815 mo-

2161 2848 2311 2911 ralis
2366 2847 2651 2927 quaedam
2702 2846 3087 2907 continuatio
3138 2846 3433 2925 ejusdem
3478 2849 3729 2926 praemii,

2164 2942 2335 3023 quod
2364 2961 2439 3005 ex
2466 2941 2525 3001 vi
2556 2940 2759 3001 meriti
2784 2939 3271 3019 perpetuitatem
3298 2940 3593 3002 includit.
3626 2943 3733 3001 Ne-

2166 3056 2289 3118 que
2334 3036 2525 3097 etiam
2566 3034 2647 3095 ad
2676 3052 2813 3095 rem
2853 3040 3231 3114 praesentem
3260 3034 3619 3115 quidquam
3644 3054 3731 3097 re-

2164 3132 2285 3193 fert
2314 3129 2485 3208 quod
2502 3128 2621 3189 iuae
2652 3129 2791 3189 duee
2816 3127 3058 3206 gratiae,
3086 3127 3313 3188 amissa
3336 3135 3403 3189 et
3426 3131 3727 3200 restituta,

2166 3242 2431 3286 numero
2470 3223 2775 3285 distinctae
2816 3221 2975 3294 sint,
3020 3227 3090 3281 ut
3138 3221 3497 3282 secundum
3550 3222 3731 3302 philo-

2164 3317 2486 3398 sophicam
2533 3316 2841 3377 rationem
2880 3313 3212 3375 verisimile
3242 3320 3357 3388 est,
3396 3315 3581 3394 quia,
3612 3324 3728 3376 esto

2160 3413 2225 3472 in
2256 3429 2487 3490 genere
2516 3409 2677 3470 entis
2720 3414 2784 3468 et
2810 3407 3071 3487 physice
3096 3407 3215 3468 hoc
3248 3407 3337 3468 ita
3380 3409 3487 3480 sit,
3532 3415 3725 3469 tamen

2162 3503 2229 3564 in
2277 3520 2509 3583 genere
2580 3500 2840 3582 praemii,
2912 3507 2977 3561 et
3030 3500 3383 3560 secundum
3436 3501 3729 3562 moralem

2166 3595 2733 3658 considerationem
2756 3598 3056 3671 tanquam
3084 3611 3211 3654 una
3236 3595 3599 3673 reputatur.

2164 3849 2473 3934 Diffi-mio
2494 3850 2562 3916 de
2590 3853 2906 3930 numento
2928 3847 3156 3928 qratia·
3180 3864 3297 3930 per
3320 3853 3507 3911 actus
3530 3848 3731 3912 renis-

2363 3960 2459 4006 sos
2506 3943 2809 4006 occasione
2850 3941 3106 4004 alterius
3150 3941 3533 4020 objectionis.

2246 4161 2347 4222 29.
2400 4159 2621 4222 Prima
2662 4157 2929 4238 objectio.
2964 4189 3044 4206 —
3082 4157 3269 4219 Aliud
3308 4165 3503 4238 caput
3544 4160 3729 4240 objec-

2133 4251 2407 4320 ,tionum
2436 4251 2699 4312 sumitur
2728 4269 2807 4312 ex
2828 4251 3251 4313 controversia
3276 4250 3357 4310 de
3398 4259 3729 4332 augmento

2168 4345 2385 4424 gratiae
2416 4350 2479 4406 et
2509 4344 2825 4406 charitatis
2856 4361 2971 4423 per
2999 4349 3173 4405 actus
3200 4345 3533 4406 remissos.
3566 4347 3729 4421 Nam,

2170 4437 2221 4499 si
2248 4438 2447 4518 gratia
2482 4437 2873 4517 respondens
2901 4437 3137 4498 meritis
3164 4436 3495 4500 vivificatis
3540 4441 3733 4500 statim

2169 4528 2377 4604 datur,
2410 4529 2655 4590 etiamsi
2690 4529 2881 4591 homo
2910 4547 3027 4608 per
3060 4531 3395 4590 remissam
3426 4533 3735 4592 contritio-

2168 4639 2317 4682 nem
2342 4628 2649 4700 resurgat,
2682 4623 2967 4701 sequitur
3004 4622 3295 4702 gratiam,
3326 4623 3529 4685 etiam
3554 4643 3729 4703 quam

2170 4715 2310 4794 quis
2338 4717 2617 4776 meretur
2640 4733 2753 4794 per
2776 4721 2952 4777 actus
2974 4715 3293 4788 remissoS‚
3324 4717 3543 4777 statim
3570 4719 3725 4782 dari:

2172 4825 2566 4886 consequens
2596 4811 2689 4869 est
2708 4807 2936 4869 falsum
2964 4828 2981 4881 ς
3008 4825 3181 4888 ergo.
3216 4809 3491 4886 Sequela
3518 4813 3731 4890 proha-

2171 4907 2295 4974 tur‚
2330 4902 2498 4980 quia,
2532 4901 2582 4962 si
2609 4902 2675 4962 in
2702 4903 2939 4963 meritis
2975 4900 3299 4963 vivificatis
3326 4913 3729 4982 augmentum

2172 4994 2388 5072 gratiae
2412 4994 2656 5055 excedit
2680 4995 3151 5074 proportionem
3177 4995 3515 5074 proesentis
3540 4996 3733 5076 dispo-

2174 5085 2435 5158 sitionis,
2472 5087 2657 5147 etiam
2698 5087 2765 5147 in
2802 5093 3145 5168 augmento
3172 5105 3289 5167 per
3318 5095 3501 5148 actus
3532 5093 3731 5150 remis·

2176 5197 2281 5240 sos
2310 5181 2539 5258 poterit
2580 5180 2912 5255 excedere,
2960 5199 3169 5260 neque
3214 5187 3385 5242 esset
3430 5181 3567 5242 ulla
3610 5201 3727 5262 spe-

2178 5271 2350 5332 cialis
2372 5273 2531 5334 ratio
2554 5271 2885 5335 differendi
2922 5273 3045 5335 tale
3070 5279 3515 5354 augmentum.
3560 5274 3725 5334 Falsi-

2176 5369 2274 5425 tas
2302 5370 2513 5426 autem
2540 5366 2981 5444 consequentis
3007 5365 3195 5427 variis
3234 5365 3469 5426 mediis
3494 5364 3722 5446 probari

2180 5457 2363 5530 solet;
2396 5475 2521 5518 non
2550 5465 2761 5520 tamen
2786 5458 3045 5518 afferam
3072 5457 3309 5531 omnia,
3336 5477 3423 5520 ne
3452 5459 3723 5538 prolixior

2180 5550 2297 5610 sim
2334 5550 2719 5631 nimiumque
2766 5568 2801 5610 a
2852 5551 3141 5632 praesenti
3182 5550 3608 5632 disputatione
3650 5551 3725 5612 di-
