3850 6225
787 404 957 458 sl-:c’n
995 406 1056 459 11.
1093 405 1308 458 UTRUM
1342 405 1534 457 omia
1567 404 1800 457 »murra
1833 403 2253 457 MORTIFICATA
2286 402 2592 465 REDEANT,
2628 402 2760 456 ETc.

153 504 636 585 proportionem
651 506 734 565 ad
757 507 1147 567 vocationem
1180 508 1337 585 ejuS,
1371 506 1434 565 in
1463 505 1584 565 alio
1621 523 1727 565 vc-

153 620 230 661 ro
275 600 581 661 intensior
633 599 921 661 contritio
973 619 1101 659 non
1137 600 1214 660 sit
1249 618 1533 671 summa;
1579 598 1725 677 quia

153 694 430 755 fortasse
476 693 566 753 illi
612 692 758 753 data
803 700 898 753 est
935 693 1122 773 longe
1163 694 1365 773 major
1406 698 1466 753 et
1509 691 1725 751 fortior

155 789 431 849 vocatio.
491 788 640 847 Haec
689 792 902 847 autem
952 793 1012 847 et
1067 786 1289 846 similia
1333 804 1448 846 nec
1499 784 1722 845 rationi

157 901 284 943 nec
302 881 584 961 opinioni
611 880 920 943 dictorum
950 886 1276 941 auctorum
1299 886 1724 941 consentanea

157 978 333 1035 sunt.
396 976 574 1047 Nam,
628 974 784 1035 sicut
833 974 1017 1035 datur
1059 973 1258 1054 prima
1307 974 1506 1053 gratia
1545 975 1724 1053 juxta

157 1086 530 1129 mensuram
559 1067 1000 1148 dispositionis,
1029 1068 1116 1128 ita
1154 1067 1366 1127 dicunt
1411 1068 1577 1129 citati
1605 1066 1725 1127 Do-

157 1169 370 1223 ctores
393 1161 670 1240 reparari
695 1161 901 1240 priora
931 1162 1154 1221 merita
1166 1161 1344 1240 juxta
1379 1160 1728 1239 dispositio-

155 1272 310 1315 nem
343 1255 754 1333 resurgentis;
784 1258 1018 1315 atvero
1049 1255 1111 1314 in
1130 1254 1510 1315 conferenda
1529 1253 1729 1333 gratia

153 1364 294 1407 non
333 1347 670 1408 attenditur
711 1348 1025 1425 quantitas
1054 1348 1474 1427 dispositionis
1510 1365 1730 1407 sccun-

159 1438 320 1501 dum
349 1440 1176 1521 illam‘proportionalitatem
1205 1440 1286 1501 ad
1311 1442 1724 1515 vocationem,

157 1536 278 1595 sed
325 1534 670 1595 secuudum
699 1534 1049 1595 absolutam
1079 1535 1490 1613 quantitatem
1533 1535 1727 1614 ipsius

159 1629 588 1701 contritionis;
621 1648 769 1689 nam
795 1630 1168 1691 habentibus
1199 1631 1630 1691 contritionem
1663 1635 1728 1690 ut

158 1731 461 1804 quatuor,
501 1722 686 1783 datur
711 1729 884 1784 tanta
913 1724 1136 1803 gratia,
1176 1723 1348 1784 verbi
1397 1724 1617 1803 gratia,
1661 1728 1729 1783 ut

159 1823 458 1897 quatuor,
487 1816 706 1877 sivein
736 1834 860 1876 uno
891 1816 968 1877 sit
1001 1817 1204 1896 major
1248 1817 1489 1877 vocatio
1520 1816 1730 1895 quoad

157 1910 627 1982 sufficientiam,
656 1908 785 1970 sive
811 1928 974 1983 non;
1023 1927 1172 1989 ergo
1202 1909 1370 1969 idem
1394 1909 1728 1970 dicendum

159 2007 282 2067 erit
331 2004 410 2065 de
459 2004 856 2083 reparatione
909 2004 1296 2064 meritorum.
1337 2004 1507 2065 Sicut
1539 2004 1728 2063 etiam

157 2100 273 2177 qui
323 2097 642 2176 aequaliter
687 2102 1062 2175 operantur,
1127 2114 1303 2175 aeque
1361 2100 1722 2169 merentur,

157 2192 410 2255 etiamsi
430 2191 692 2252 fortasse
723 2190 786 2251 in
807 2209 932 2251 uno
957 2190 1160 2268 majus
1181 2190 1365 2251 fuerit
1384 2190 1728 2251 vocationis

157 2286 490 2357 auxilium,
535 2301 726 2362 quam
753 2283 816 2343 in
851 2282 994 2343 alio.
1025 2282 1204 2343 Ratio
1236 2300 1386 2343 vero
1421 2288 1536 2355 cst,
1579 2283 1726 2360 quia

157 2379 457 2439 meritum
487 2377 582 2439 vel
607 2377 925 2457 dispositio
956 2395 1080 2437 non
1111 2376 1388 2437 consistit
1425 2377 1488 2436 in
1519 2383 1728 2455 potes-

161 2480 294 2535 tate
329 2470 655 2551 operandi,
687 2471 800 2531 sed
841 2470 904 2530 in
944 2472 1343 2549 operatione;
1375 2476 1436 2531 et
1475 2470 1640 2539 ide0,
1675 2470 1725 2530 si

157 2585 330 2626 unus
357 2582 534 2644 aeque
573 2569 868 2642 operatur
911 2582 982 2623 ac
1011 2564 1194 2637 aliuS,
1226 2582 1403 2643 aeque
1448 2569 1727 2624 meretur

157 2660 264 2720 vel
295 2678 358 2719 se
389 2658 682 2737 disponit,
715 2657 953 2717 etiamsi
985 2675 1150 2717 unus
1174 2657 1312 2735 plus
1341 2663 1552 2737 posset
1577 2674 1726 2736 ope-

158 2753 290 2813 rari
311 2771 497 2831 quam
525 2750 718 2823 alius;
752 2751 886 2811 haec
917 2752 1082 2812 enim
1111 2752 1573 2811 circumstantia
1597 2768 1724 2810 non

161 2846 392 2907 minuit
411 2844 692 2905 valorem
720 2842 1026 2905 moralem
1053 2844 1257 2923 operis
1286 2844 1349 2903 in
1390 2842 1605 2903 ordine
1644 2842 1726 2901 ad

163 2940 482 3011 meritum,
509 2937 607 2999 vel
635 2936 1130 3015 dispositionem,
1160 2937 1306 3016 quia
1331 2953 1460 2996 non
1478 2954 1726 3014 semper

163 3038 416 3094 tenetur
437 3031 624 3091 homo
653 3033 956 3107 quantum
987 3033 1190 3107 potest
1214 3028 1480 3107 operari.

240 3128 302 3187 9.
359 3124 698 3188 Secundum
725 3125 1174 3186 incommodum.
1215 3153 1297 3167 —
1321 3121 1589 3184 Ulterius
1631 3139 1730 3180 se-

160 3219 374 3298 quitur
428 3235 504 3277 ex
563 3216 726 3278 dicta
774 3217 1122 3286 sententia,
1170 3235 1282 3294 per
1329 3215 1730 3276 contritiones

157 3312 455 3391 aequaleS,
497 3329 624 3370 non
657 3310 860 3370 solum
889 3309 952 3369 in
986 3309 1360 3382 intensione,
1390 3309 1502 3370 sed
1541 3311 1729 3370 etiam

155 3407 220 3464 in
251 3402 652 3483 proportione
685 3403 764 3462 ad
793 3403 1176 3474 vocationeS,
1209 3400 1388 3479 plura
1412 3402 1634 3461 merita
1663 3400 1728 3460 in

149 3517 286 3559 uno
329 3495 607 3576 reparari
633 3514 822 3574 quam
853 3497 914 3556 in
943 3496 1088 3568 ali0,
1134 3497 1336 3555 solum
1377 3495 1523 3574 quia
1565 3495 1627 3554 in
1660 3513 1726 3554 se

147 3590 382 3651 merita
403 3595 550 3650 sunt
573 3590 814 3668 majora
834 3589 930 3650 vel
954 3589 1195 3648 minora
1225 3608 1240 3661 ;
1266 3595 1354 3661 ut,
1381 3589 1556 3648 verbi
1587 3607 1727 3668 gra-

147 3685 272 3757 tia,
287 3683 340 3743 si
368 3701 532 3742 unus
560 3681 795 3743 habeat
816 3683 1038 3742 merita
1070 3687 1140 3741 ut
1168 3688 1442 3752 centum,
1475 3679 1632 3740 alius
1661 3686 1728 3741 ut

153 3776 641 3856 quinquaginta,
694 3781 754 3838 et
801 3776 1122 3855 oequaliter
1169 3780 1489 3846 vocentur,
1537 3775 1622 3835 ita
1665 3779 1732 3834 ut

153 3887 408 3932 summa
452 3869 738 3930 contritio
791 3869 852 3929 in
900 3875 1165 3948 utroque
1220 3867 1342 3928 sint
1385 3875 1449 3930 ut
1490 3867 1726 3946 viginti,

151 3963 278 4043 ipsi
307 3969 518 4024 autem
545 3966 986 4024 convertantur
1017 3969 1084 4023 ut
1110 3963 1353 4035 decem,
1395 3963 1456 4022 in
1485 3980 1610 4022 uno
1635 3980 1732 4021 re-

150 4057 552 4138 parabuntur
581 4056 1036 4136 quinquaginta
1065 4056 1298 4136 gradus
1339 4055 1728 4128 meritorum,

152 4153 228 4211 in
259 4151 382 4210 alio
423 4167 571 4210 vero
609 4155 852 4210 tantum
884 4149 1099 4230 viginti
1135 4149 1432 4228 quinque.
1481 4149 1732 4208 Dicetur

149 4246 422 4306 fortasse
466 4242 584 4302 hoc
615 4243 856 4303 nullum
888 4261 1024 4303 esse
1069 4241 1553 4314 inconveniens;
1583 4241 1732 4320 quia

149 4339 224 4398 in
256 4337 423 4396 omni
456 4337 760 4396 sententia
806 4337 984 4416 plura
1015 4336 1235 4395 merita
1264 4340 1637 4412 reparantur
1667 4333 1732 4392 in

153 4450 238 4490 eo
271 4429 374 4507 qui
419 4429 597 4506 plura
633 4429 874 4502 habuit,
917 4427 1160 4488 etiamsi
1189 4427 1474 4488 contritio
1511 4427 1733 4488 cadem

153 4525 260 4584 sit.
299 4521 752 4600 Respondetur:
786 4521 836 4581 si
865 4521 1149 4581 contritio
1171 4521 1302 4581 sola
1329 4525 1579 4598 reparat
1607 4539 1736 4580 me-

153 4616 282 4678 rita
331 4613 722 4684 mortificata,
775 4619 1079 4692 tanquam
1141 4631 1471 4674 removens
1525 4612 1736 4692 prohi-

155 4709 357 4779 bens„
399 4707 459 4766 id
520 4713 684 4767 certe
733 4725 862 4766 non
920 4710 1014 4767 cst
1057 4705 1534 4778 inconveniens,
1590 4707 1736 4783 quia

153 4805 372 4881 potest
428 4799 634 4862 minor
687 4799 972 4860 contritio
1033 4817 1212 4878 teque
1270 4799 1485 4858 tollere
1543 4799 1736 4878 impe-

153 4895 514 4956 dimentum
563 4911 636 4954 ac
702 4895 924 4974 major.
989 4896 1064 4954 At
1119 4911 1288 4964 vem,
1352 4893 1402 4952 si
1450 4893 1735 4954 contritio

153 4987 478 5049 concurrit
521 4985 602 5047 ad
649 4986 814 5050 hunc
863 4987 1176 5058 effectum,
1222 4990 1291 5045 ut
1329 5005 1476 5045 vera
1528 4984 1740 5065 dispo-

153 5081 302 5140 sitio
367 5080 561 5160 (quod
612 5080 678 5139 in
736 5079 898 5140 dicta
967 5080 1274 5140 sententia
1341 5079 1734 5157 supponitur)

153 5171 314 5234 illud
365 5178 459 5234 est
509 5173 954 5233 inconveniens
981 5218 996 5244 ,
1055 5179 1117 5232 et
1153 5191 1281 5233 non
1327 5171 1474 5232 satis
1516 5190 1738 5232 conse-

154 5271 428 5344 quenter
464 5265 731 5338 dictum;
784 5283 932 5324 nam
971 5264 1384 5325 determinata
1413 5264 1733 5342 dispositio

157 5358 648 5419 determinatum
691 5359 880 5420 habet
929 5357 1240 5433 effectum,
1283 5358 1331 5418 si
1386 5358 1738 5437 subjectum

159 5461 258 5514 est
277 5471 476 5532 capax
490 5451 686 5526 illius;
710 5453 814 5532 qui
845 5458 1056 5512 autem
1083 5452 1299 5512 habuit
1321 5451 1740 5532 quinquagin-

156 5551 224 5608 ta
255 5545 491 5632 gradus
522 5545 914 5618 meritorum,
947 5563 1024 5606 ex
1046 5563 1114 5610 se
1143 5563 1340 5632 capax
1369 5547 1464 5606 est
1491 5545 1742 5608 revivis-

3260 394 3379 457 485

1811 506 2028 565 centia».
2061 505 2341 565 omnium
2372 504 2615 565 illorum
2644 522 2659 575 ς
2706 522 2878 583 erge,
2912 501 2961 563 si
2998 502 3281 563 contritio
3312 507 3378 561 ut

1807 598 2027 658 decem
2078 598 2143 657 in
2175 597 2367 657 altero
2398 597 2511 657 fuit
2560 596 2874 656 sufficiens
2922 596 3239 675 dispositio
3294 595 3374 655 ad

1806 691 2260 771 quinquaginta
2320 690 2551 769 gradus
2615 690 2977 750 meritorum
3061 688 3379 749 vivifican-

1805 783 1940 856 dos,
1990 785 2177 844 etiam
2221 785 2286 843 in
2340 783 2459 843 alio
2508 783 2654 859 erit3
2684 801 2852 853 nam,
2894 781 3061 860 quod
3100 800 3228 841 non
3272 782 3375 840 ha-

1805 876 2010 937 buerit
2060 878 2239 957 plura
2296 877 2517 938 merita
2550 922 2565 949 ‚
2626 876 2871 936 videtur
2924 874 3365 953 impertinenS,

1807 990 1949 1033 cum
1988 971 2107 1033 hoc
2148 991 2275 1033 non
2312 972 2555 1031 minuat
2592 969 3043 1049 perfectionem
3084 968 3224 1028 talis
3261 968 3381 1028 dis-

1806 1065 2151 1148 positioniS.

1891 1162 1989 1223 10.
2039 1159 2333 1223 Tertium.
2371 1192 2452 1205 —
2478 1160 2553 1219 Et
2580 1157 2834 1218 ulterius
2886 1156 3169 1235 inquiro,
3220 1156 3269 1215 si
3320 1157 3371 1216 is

1810 1254 1913 1333 qui
1946 1254 2253 1314 habuerat
2305 1260 2556 1313 centum
2604 1250 2834 1331 gradus
2871 1249 3263 1322 meritorum,
3311 1254 3372 1310 et

1809 1366 1922 1427 per
1963 1347 2227 1426 primam
2257 1346 2691 1407 contritionem
2721 1349 2790 1404 ut
2844 1344 3065 1404 decem
3104 1360 3370 1420 recupe-

1809 1440 1969 1501 ravit
2016 1440 2492 1521 quinquaginta,
2535 1445 2749 1519 postea
2794 1437 2998 1497 eliciat
3032 1436 3373 1496 secundam

1811 1534 2247 1595 contritionem
2294 1539 2359 1594 ut
2388 1534 2629 1607 decem,
2674 1532 2928 1592 omnino
2969 1530 3274 1609 {equalem
3310 1534 3372 1591 et

1811 1629 2339 1708 proportionalem
2376 1626 2603 1707 priori,
2648 1626 2916 1705 inquiro,
2961 1626 3243 1703 inquam,
3280 1642 3360 1683 an

1809 1742 1923 1803 per
1948 1724 2110 1783 hanc
2138 1722 2484 1783 secundam
2516 1720 2949 1782 contritionem
2999 1724 3372 1797 reparentur

1809 1816 2041 1877 residui
2078 1816 2531 1896 quinquaginta
2566 1814 2796 1893 gradus
2825 1812 3215 1883 meritorum,
3272 1812 3371 1872 vel

1809 1918 2056 1971 tantum
2092 1909 2344 1971 dimidia
2375 1927 2520 1988 pars
2558 1911 2817 1968 eorum?
2856 1907 2917 1969 Si
2948 1906 3219 1985 primum
3279 1904 3375 1964 di-

1810 2010 2009 2076 catur,
2035 2022 2145 2063 cur
2172 2020 2299 2062 non
2317 2002 2481 2062 idem
2511 2000 2734 2062 dicitur
2757 2000 2820 2060 in
2846 2018 2919 2060 eo
2952 1998 3138 2079 quiin
3172 1998 3371 2077 prima

1810 2096 2177 2158 contritione
2220 2095 2402 2155 simili
2432 2113 2559 2155 non
2599 2094 2871 2155 habebat
2910 2092 3026 2153 nisi
3057 2093 3365 2171 quinqua-

1809 2193 1979 2269 ginta
2010 2189 2241 2271 gradus
2269 2189 2637 2250 meritorum
2666 2186 3219 2248 mortificatorum?
3243 2186 3366 2246 Cur

1810 2286 1977 2347 enim
2008 2284 2409 2345 contritiones
2445 2284 2698 2344 omnino
2726 2281 2999 2361 aequales
3036 2300 3164 2341 non
3202 2280 3373 2341 suffi-

1809 2379 1973 2439 cient
1998 2378 2078 2439 ad
2106 2379 2327 2439 merita
2354 2378 2619 2456 aequalia
2644 2375 3010 2437 vivificanda
3040 2375 3104 2435 in
3137 2376 3226 2435 eis
3261 2375 3367 2453 qui

1809 2473 1989 2552 plura
2038 2490 2165 2532 non
2206 2470 2441 2532 habent
2494 2468 2863 2531 mortificata
2918 2469 3181 2529 merita?
3213 2470 3369 2529 Nam

1808 2566 1980 2647 quod
1996 2566 2058 2625 in
2078 2584 2201 2625 uno
2224 2566 2328 2625 illa
2357 2564 2587 2625 fuerint
2608 2563 2785 2642 quasi
2808 2562 3091 2641 partialia
3120 2562 3365 2633 merita,

1809 2660 1870 2719 in
1901 2659 2023 2719 alio
2057 2677 2204 2719 vero
2249 2657 2484 2727 totalia,
2529 2656 2682 2717 nihil
2714 2657 2968 2717 omnino
3008 2656 3242 2716 referre
3274 2656 3367 2715 vi-

1807 2754 1989 2814 detur
2016 2752 2097 2812 ad
2123 2751 2399 2813 valorem
2430 2750 2838 2824 contritioniS,
2886 2751 2947 2810 in
2978 2750 3218 2810 ratione
3248 2749 3369 2810 dis-

1809 2848 2128 2927 positionis
2149 2846 2228 2907 ad
2254 2844 2625 2907 vivificanda
2646 2849 2734 2905 tot
2760 2846 3004 2905 merita.
3028 2844 3089 2905 Si
3111 2862 3260 2905 vero
3282 2844 3371 2905 di-

1810 2949 2006 3013 catur,
2049 2960 2162 3020 per
2192 2941 2533 3001 secundam
2560 2940 2995 3001 contritionem
3026 2946 3093 3001 ut
3122 2939 3365 3007 decem,

1810 3054 1940 3096 non
1968 3034 2244 3114 reparari
2297 3034 2505 3093 omnia
2546 3032 2795 3093 residua
2843 3034 3084 3108 merita,
3120 3033 3230 3093 sed
3278 3032 3372 3093 di-

1809 3128 2063 3188 midiam
2096 3135 2342 3206 partem
2384 3144 2601 3186 eorum
2636 3125 2979 3186 secundum
3026 3125 3371 3206 proportio-

1813 3239 1961 3282 nem
2000 3221 2465 3300 geometricam,
2510 3220 2630 3280 hoc
2677 3220 2864 3280 etiam
2912 3219 3371 3299 perabsurdum

1811 3313 2076 3374 videtur.
2130 3313 2286 3374 Nam
2343 3313 2645 3390 imprimis
2698 3313 2979 3391 sequitur
3026 3310 3369 3373 secundam

1812 3406 2271 3478 contritionem,
2324 3405 2476 3465 alias
2531 3406 2784 3466 omnino
2841 3406 3171 3484 aequalem,
3231 3422 3367 3464 esse

1811 3500 2020 3559 minus
2079 3499 2393 3560 efficacem
2462 3497 2543 3558 ad
2596 3500 2763 3560 hunc
2806 3499 3118 3572 effectum,
3168 3499 3371 3559 solum

1813 3592 1959 3672 quia
2014 3593 2363 3671 subjectum
2396 3591 2645 3671 dignius
2675 3598 2789 3664 est,
2811 3599 2872 3652 et
2910 3599 3153 3672 partem
3182 3591 3367 3652 meri-

1811 3691 2017 3746 torum
2040 3686 2228 3745 habet
2240 3685 2375 3764 jam
2398 3683 2791 3744 vivificatam.
2828 3686 3066 3746 Deinde
3090 3686 3375 3765 sequitur

1811 3797 2139 3872 Umquam
2165 3797 2345 3858 posse
2382 3779 2589 3838 omnia
2625 3780 2725 3839 illa
2754 3781 2971 3840 merita
3004 3781 3245 3858 integre
3275 3797 3374 3840 re-

1812 3873 2023 3952 parari
2067 3890 2183 3950 per
2210 3873 2440 3932 similes
2480 3873 2879 3933 contritiones
2907 3873 3370 3952 multiplicataS,

1813 3966 2017 4026 donec
2048 3965 2157 4026 fiat
2194 3964 2396 4043 aliqua
2444 3965 2728 4024 contritio
2766 3984 3047 4038 summa3
3085 3965 3230 4042 quia
3270 3964 3374 4025 illa

1812 4058 2127 4139 reparatio
2166 4057 2233 4118 fit
2278 4076 2390 4136 per
2427 4063 2635 4135 partes
2671 4056 3189 4138 proportionaleS,
3224 4077 3373 4136 qua-

1813 4169 1955 4211 rum
2016 4151 2235 4210 divisio
2298 4168 2623 4229 nunquam
2683 4150 2915 4211 finitur.
2986 4152 3126 4211 Haec
3188 4152 3376 4230 igitur

1814 4243 2024 4305 omnia
2066 4249 2125 4304 et
2169 4243 2287 4303 alia
2314 4242 2493 4304 facile
2548 4245 2883 4322 excogitari
2927 4249 3211 4323 possunt,
3258 4261 3375 4304 nrc

1815 4343 2269 4416 congruentem
2301 4337 2606 4397 rationem
2629 4339 2883 4409 habent,
2913 4355 3119 4416 neque
3173 4337 3235 4397 in
3266 4357 3377 4397 na-

1813 4439 1955 4492 tura
2000 4430 2191 4510 ipsius
2221 4431 2605 4490 contritionis
2634 4449 2746 4491 seu
2782 4432 2921 4492 talis
2958 4430 3378 4509 dispositionis

1797 4532 2079 4605 -possunt
2105 4523 2373 4583 fundari.
2400 4523 2573 4595 Quod
2601 4524 2652 4584 si
2681 4525 2827 4585 dicti
2850 4529 3136 4585 auctores
3170 4524 3380 4584 dicant

1815 4618 2062 4678 fundari
2095 4618 2157 4676 in
2188 4617 2393 4694 aliqua
2428 4617 2775 4679 extrinseca
2813 4618 2953 4698 lege
2990 4636 3101 4678 seu
3131 4617 3383 4678 ordina-

1818 4711 1984 4771 tione
2016 4710 2149 4780 Dei,
2196 4715 2439 4789 oportet
2471 4717 2539 4771 ut
2585 4711 2754 4770 illam
2805 4711 3159 4778 ostendant,
3211 4712 3383 4790 quod

1816 4803 2024 4863 facere
2054 4822 2180 4862 nou
2216 4808 2537 4881 poterunt;
2562 4811 2979 4882 praeterquam
3007 4804 3175 4884 quod
3197 4823 3271 4864 ex
3294 4805 3383 4864 ‹li-

1818 4897 1930 4956 ctis
1958 4895 2247 4956 omnibus
2269 4895 2448 4958 facile
2483 4897 2743 4976 intelligi
2774 4903 2979 4976 potest
3002 4897 3191 4958 talem
3224 4897 3385 4958 ordi-

1824 4988 2144 5048 nationem
2168 4989 2641 5050 convenientem
2672 5009 2798 5050 non
2826 5007 2986 5062 esse,
3012 5008 3221 5070 neque
3246 5010 3387 5070 pro-

1820 5080 2105 5140 videntiae
2134 5079 2355 5140 divinae
2384 5089 2893 5144 consentaneam.

1901 5177 1998 5233 11.
2040 5172 2361 5237 Nonnulla
2384 5173 2512 5237 alia
2542 5193 2675 5255 quoe
2693 5177 2763 5236 ut
2790 5171 3111 5260 effuyian&
3144 5178 3237 5240 ita
3262 5177 3387 5256 opi-

1818 5271 2071 5328 nantur.
2101 5298 2181 5310 —
2205 5266 2459 5328 Accedit
2490 5271 2789 5346 praeterea
2819 5271 3011 5347 quod,
3045 5270 3094 5329 si
3124 5269 3223 5329 his
3242 5289 3389 5347 pru-

1821 5359 2211 5438 portionibus
2240 5359 2543 5419 utendum
2575 5367 2760 5432 esset,
2816 5361 3075 5422 deberet
3104 5361 3387 5422 conside-

1820 5451 1945 5512 rari
1982 5471 2108 5512 non
2145 5456 2391 5513 tantum
2438 5453 2755 5531 proportio
2812 5458 2874 5513 et
2926 5459 3250 5532 respectus
3306 5451 3387 5512 ad

1823 5543 2127 5608 auxilium
2157 5551 2219 5606 et
2255 5552 2549 5607 conatum
2584 5544 2903 5624 potentiae,
2955 5546 3066 5608 sed
3095 5547 3281 5608 etiam
3312 5547 3393 5607 ad
