3850 6225
702 403 837 457 CAP.
873 405 931 456 Χ.
966 401 1275 454 ΡΗῩΒΙΕΑΙΙ
1304 400 2050 462 ΡΒΕΒΕὙΕΒΙΙΙΝΑΤΙΟΝΕΜ,
2086 399 2204 452 PER
2235 396 2512 460 Amnum
2545 394 2691 457 REM,
2727 393 2860 446 E‘rc,

150 509 547 583 potestatem
589 506 671 566 ad
706 524 836 566 non
876 505 1262 583 operandum
1300 505 1363 566 in
1406 523 1597 566 sensu
1642 503 1733 563 di·

148 597 333 669 viSO,
384 604 447 658 et
487 598 607 659 hoc
645 599 795 658 satis
840 616 977 658 esse
1017 603 1090 658 ut
1134 599 1271 678 ejus
1302 598 1559 659 libertas
1605 615 1733 657 non

150 689 449 750 tollatur.
494 690 609 752 Alii
638 692 827 752 etiam
856 689 1086 751 addere
1118 692 1321 751 solent
1347 691 1735 751 voluntatem

150 799 239 840 ex
266 801 343 842 se
362 781 830 845 indifferentem
856 801 993 844 esse
1017 783 1098 844 ad
1121 783 1285 844 hanc
1309 784 1410 844 vel
1432 783 1603 844 illam
1627 782 1735 843 de·

150 875 707 950 terminationem,
732 879 795 936 et
810 877 931 936 hoc
950 876 1099 936 satis
1118 893 1257 937 esse
1278 881 1347 936 ut
1366 876 1563 936 libere
1593 891 1739 953 ope-

152 975 364 1045 retur,
398 970 647 1030 etiamsi
673 971 873 1049 posita
900 970 1417 1031 determinatione
1444 987 1573 1030 non
1591 986 1737 1047 pos·-

152 1061 241 1120 sit
264 1079 405 1122 non
436 1063 707 1142 operari.
738 1062 855 1124 Alii
876 1062 1147 1142 denique
1175 1061 1382 1124 dicere
1403 1062 1563 1123 soliti
1590 1064 1738 1121 sunt

150 1155 317 1214 satis
352 1173 498 1217 esse
542 1163 613 1218 ut
643 1157 933 1218 voluntas
962 1156 1043 1217 ab
1085 1156 1331 1236 objecto
1366 1173 1495 1216 non
1536 1154 1738 1215 deter-

148 1248 475 1322 minetur,
528 1250 837 1328 quamvis‚
872 1268 909 1310 a
942 1249 1077 1310 solo
1121 1251 1255 1310 Deo
1298 1247 1733 1319 determinata,

140 1341 289 1420 jam
324 1361 515 1402 suum
541 1350 749 1404 actum
772 1345 1091 1405 continere
1112 1361 1241 1403 non
1266 1343 1479 1422 possit.
1514 1341 1575 1404 Si
1599 1340 1737 1420 quis

148 1441 392 1494 autem
440 1442 611 1496 recte
658 1436 1013 1498 consideret
1072 1453 1149 1496 ea
1215 1453 1357 1514 quae
1401 1436 1482 1496 de
1549 1435 1739 1494 liber-

150 1533 289 1588 tate
334 1527 627 1604 diximus,
662 1547 933 1608 quasque
968 1529 1047 1589 de
1088 1529 1203 1590 bac
1230 1528 1525 1588 facultate
1562 1533 1625 1588 et
1669 1526 1738 1586 li-

150 1619 331 1682 bero
358 1639 481 1682 usu
520 1621 689 1684 clare
730 1629 793 1684 et
836 1622 1163 1702 perspicue
1208 1621 1623 1694 distinximuS,
1653 1619 1739 1679 vi-

152 1714 349 1774 debit
394 1733 549 1776 sane
588 1717 705 1776 has
742 1734 963 1776 omnes
1004 1715 1343 1776 solutiones
1392 1715 1475 1774 ad
1519 1729 1739 1774 verum

150 1807 481 1868 libertatis
518 1827 705 1870 usum
746 1807 1213 1870 defendendum
1252 1826 1379 1868 non
1427 1807 1732 1867 sufficere.

240 1904 319 1962 4.
358 1901 665 1964 Proedioti
702 1904 863 1965 modi
901 1903 1323 1983 exploduntur.
1356 1931 1437 1946 —
1481 1897 1633 1962 Cum
1665 1899 1741 1960 zi-

154 1994 401 2057 bertatc
445 1995 515 2056 in
546 2001 689 2058 actu
730 1996 933 2076 primo
972 1998 1194 2057 remoto
1234 1999 1399 2056 stare
1430 1996 1631 2070 potest
1674 1989 1741 2052 in

153 2088 431 2150 secundo
456 2089 807 2150 necessitas.
842 2121 923 2134 --
957 2087 1163 2148 Prima
1209 2086 1374 2146 enim
1414 2082 1739 2162 responsio

158 2179 245 2239 ab
276 2199 409 2240 usu
436 2181 519 2240 ad
538 2181 901 2242 facultatem
924 2180 1185 2240 liberam
1212 2178 1479 2239 divertit.
1512 2179 1587 2238 Et
1612 2195 1743 2238 rec-

156 2279 220 2332 te
263 2273 537 2350 quidem
564 2274 876 2334 diceretur
909 2272 1343 2334 necessitatem
1386 2271 1555 2330 illam
1591 2287 1744 2348 ope-

156 2365 381 2438 randi,
435 2383 577 2444 quas
620 2385 659 2426 a
708 2367 815 2428 tali
864 2365 1381 2426 determinatione
1429 2362 1739 2441 provenit,

158 2477 301 2518 non
329 2459 557 2520 tollere
590 2479 627 2520 a
656 2460 975 2520 voluntate
1000 2459 1137 2536 ipsa
1180 2457 1539 2517 facultatem
1578 2454 1742 2516 radi·

160 2554 379 2612 calem
406 2553 713 2614 libertatis
744 2557 837 2630 (ut
880 2553 969 2614 sic
1012 2553 1265 2628 dicam),
1314 2551 1364 2610 si
1404 2550 1743 2611 necessitas

160 2647 337 2706 illius
366 2646 911 2708 determinationis
938 2664 1067 2706 non
1092 2651 1257 2706 esset
1284 2663 1359 2704 ex
1380 2643 1745 2722 impotentia

166 2745 231 2798 et
274 2739 631 2818 indigentia
670 2740 1007 2800 intrinseca
1040 2737 1403 2808 voluntatis3
1440 2754 1588 2796 nam
1628 2737 1745 2795 hoc

166 2850 391 2902 sensu,
425 2831 671 2892 etiamsi
702 2833 869 2892 Deus
904 2831 1347 2892 necessitatem
1380 2828 1610 2889 inierat
1645 2845 1749 2886 vo-

168 2924 401 2986 luntati
436 2926 503 2984 in
538 2925 748 3002 aliquo
780 2932 945 2997 actu,
972 2930 1159 3002 prout
1193 2927 1422 3002 potest,
1446 2939 1574 2982 non
1602 2921 1747 2982 ideo

179 3017 461 3078 destruet
508 3017 869 3079 facultatem
922 3017 1185 3078 liberam
1218 3059 1235 3088 ,
1290 3014 1404 3076 sed
1449 3014 1749 3092 impediet

180 3116 423 3171 tantum
454 3131 667 3171 usum.
700 3113 823 3173 Sed
862 3113 983 3173 hoe
1012 3128 1218 3188 neque
1252 3109 1317 3169 in
1344 3107 1631 3187 praesenti
1661 3107 1747 3169 di-

174 3222 321 3264 cere
350 3211 625 3283 possunt
674 3205 739 3266 hi
782 3205 1093 3277 doctoreS,
1134 3204 1283 3282 quia
1310 3207 1553 3281 ponunt
1584 3201 1747 3262 hanc

171 3296 773 3358 determinationem
792 3302 861 3357 ut
876 3296 1297 3357 necessariam
1316 3313 1388 3355 ex
1406 3293 1745 3371 indigentia

171 3396 233 3449 et
282 3390 659 3469 impotentia
696 3390 1031 3451 voluntatis
1069 3388 1151 3449 ad
1192 3386 1583 3467 operandum
1614 3386 1749 3446 sine

168 3482 281 3541 illa
310 3502 329 3555 ς
360 3502 441 3543 ex
478 3501 606 3561 quo
634 3481 821 3561 plane
852 3484 1136 3561 sequitur
1162 3485 1232 3542 ut
1272 3480 1457 3541 etiam
1487 3479 1749 3541 facultas

166 3576 319 3653 ejus
366 3574 569 3636 libera
616 3575 990 3646 destruatur,
1031 3580 1101 3635 ut
1150 3572 1356 3634 statim
1395 3570 1745 3632 ostendam.

164 3669 402 3747 Neque
432 3667 675 3729 etiamsi
704 3668 783 3729 de
816 3668 1109 3729 facultate
1144 3666 1339 3726 libera
1368 3664 1431 3725 id
1460 3662 1751 3723 admitta-

163 3779 357 3832 mus»,
396 3762 739 3840 quidquam
770 3763 970 3841 juvat,
1007 3762 1152 3841 quia
1187 3758 1334 3820 satis
1371 3758 1552 3818 nobis
1577 3762 1671 3817 est
1697 3754 1749 3815 si

164 3872 373 3915 usum
428 3854 699 3915 liberum
752 3873 1009 3934 prorsus
1064 3853 1299 3915 auferri
1358 3851 1749 3913 demonstre-

162 3964 347 4007 mus.
396 3946 557 4019 Quid
606 3947 775 4009 enim
822 3947 1047 4008 attinet
1090 3946 1453 4007 facultatem
1505 3942 1745 4002 habere

163 4040 475 4113 liberam,
506 4040 558 4099 si
588 4039 671 4101 ita
716 4039 885 4099 illam
934 4038 1321 4099 extrinsecus
1364 4041 1745 4115 praeventam

164 4139 241 4193 et
268 4132 639 4210 impeditam
680 4150 1013 4212 ponamuS,
1054 4138 1124 4193 ut
1172 4132 1333 4193 liber
1372 4148 1525 4189 usus
1574 4128 1745 4188 nullo

164 4226 373 4285 modo
404 4225 489 4285 illi
508 4228 589 4287 sit
612 4226 995 4305 permissus?
1023 4226 1155 4285 Hoc
1182 4230 1395 4284 autem
1424 4222 1747 4283 evidenter

168 4318 489 4397 sequitur,
514 4319 563 4379 si
594 4318 891 4380 alterutra
917 4336 1065 4395 pars
1104 4316 1449 4396 potestatis,
1478 4316 1543 4375 in
1574 4315 1745 4375 omni

170 4418 325 4472 actu
360 4411 508 4471 etin
536 4411 708 4471 omni
732 4430 869 4477 usu.
908 4417 1002 4471 est
1034 4410 1287 4471 omnino
1323 4409 1515 4488 ligata
1541 4410 1605 4468 et
1630 4406 1747 4467 im-

166 4503 419 4582 pedita,
442 4502 611 4581 quod
637 4522 713 4563 ex
734 4502 1031 4583 praedicta
1060 4501 1363 4581 positione
1388 4498 1567 4577 sequi
1587 4517 1746 4559 sem-

168 4614 295 4675 per
336 4595 727 4657 deducimuS.
760 4596 1047 4657 Secunda
1092 4613 1242 4654 voro
1288 4594 1611 4671 responsio
1644 4610 1746 4652 so-

168 4689 311 4747 lum
346 4689 523 4767 ponit
546 4688 901 4749 libertatem
923 4688 989 4747 in
1026 4688 1273 4767 passiva
1303 4684 1741 4757 indifferentia,

170 4780 353 4859 quod
397 4787 492 4841 est
524 4780 697 4841 illam
734 4780 1014 4841 funditus
1056 4780 1377 4841 destruere
1401 4824 1417 4851 ,
1460 4785 1745 4857 utsupra

170 4874 515 4952 probatum
547 4879 663 4935 est.
699 4874 907 4935 Tertia
936 4874 1209 4951 denique
1248 4872 1577 4953 responsio
1616 4890 1745 4931 non

172 4984 365 5027 usum
415 4967 726 5041 liberum,
775 4967 888 5028 sed
936 4966 1417 5027 facultatem-et
1465 4966 1745 5025 radicem

178 5062 318 5139 ejus
352 5060 653 5133 declarat,
684 5067 754 5121 ut
780 5062 933 5121 satis
981 5061 1168 5121 etiam
1198 5064 1370 5139 patet
1416 5078 1493 5119 ex
1538 5058 1739 5119 dictis,

176 5155 345 5232 Ergo
410 5154 509 5231 (ut
556 5154 875 5233 existimo)
914 5154 1073 5214 ratio
1116 5150 1305 5224 facta,
1363 5150 1741 5229 Theologica

175 5246 628 5401 zemfftmfio
652 5264 791 5308 esse
821 5245 1087 5321 videtur,
1116 5262 1310 5323 quam
1334 5244 1603 5323 amplius
1632 5244 1743 5305 de-

232 5358 347 5399 ara
438 5383 455 5398 .

3293 383 3374 444 43

1812 604 2002 668 Ratio
2024 621 2141 685 pro
2159 606 2370 664 nostra
2391 599 2722 662 assu-tione
2744 595 3000 660 Consilii
3029 591 3376 658 Tridentini

2298 695 2526 756 decreto
2547 690 2884 754 stabilitur.

1898 885 1958 943 5.
2011 880 2265 942 Interim
2309 881 2642 940 roboratur
2687 881 2868 947 ratio,
2925 880 2990 936 et
3022 873 3376 936 refutantur

1815 973 2128 1054 praedictas
2179 973 2520 1034 solutiones
2557 969 2912 1032 testimonio
2957 965 3212 1029 Concilii
3247 962 3378 1025 Tri-

1816 1068 2078 1140 dentini,
2117 1085 2270 1128 sesS.
2301 1068 2363 1139 6,
2407 1083 2462 1127 c.
2504 1067 2564 1138 5,
2609 1070 2672 1126 et
2712 1081 2853 1124 can.
2899 1063 2962 1134 4,
2993 1059 3101 1121 ubi
3133 1053 3372 1128 definit,

1820 1163 2010 1223 etiam
2049 1161 2116 1220 in
2159 1159 2737 1240 supernaturalibus
2789 1157 3029 1217 actibus
3080 1167 3264 1232 posse
3303 1144 3380 1209 li-

1817 1255 2042 1315 berum
2063 1253 2410 1327 arbitrium,
2441 1271 2480 1312 a
2507 1254 2638 1313 Deo
2665 1253 2906 1312 motum
2927 1253 2988 1310 et
3017 1246 3374 1314 excitatum,

1820 1353 1883 1410 et
1910 1348 2264 1409 consentire
2299 1353 2361 1408 et
2387 1347 2676 1407 resistere
2705 1344 2754 1405 si
2780 1343 2948 1404 velit.
2979 1341 3128 1412 Quae
3157 1335 3380 1400 defini-

1816 1441 1903 1504 tio
1945 1443 2009 1502 in
2065 1440 2226 1502 libro
2285 1442 2321 1502 3
2369 1459 2445 1500 ex
2503 1437 2786 1519 professo
2843 1432 3217 1496 declaranda
3259 1435 3376 1502 est,

1817 1552 1986 1594 nunc
2026 1535 2297 1594 breviter
2333 1530 2688 1593 delibanda.
2711 1530 2985 1590 Primum
3021 1525 3211 1607 igitur
3251 1541 3383 1583 cer·

1818 1633 1952 1690 tum
1979 1632 2073 1688 est
2092 1626 2462 1692 doctrinam,
2487 1624 2571 1686 ibi
2595 1625 2806 1685 datam
2829 1623 2909 1683 de
2940 1623 3384 1700 supernatura-

1818 1723 1984 1783 libus
2013 1721 2276 1792 actibus,
2307 1739 2346 1780 a
2368 1719 2606 1780 fortiori
2647 1716 2988 1797 procedere
3029 1715 3094 1774 in
3123 1710 3383 1790 quibus-

1820 1833 2090 1894 cumque
2111 1814 2277 1885 aliis;
2303 1819 2490 1891 atque
2509 1817 2596 1872 ita
2619 1811 2806 1872 etiam
2827 1809 2894 1868 in
2917 1823 3150 1888 genere
3179 1804 3258 1865 de
3287 1820 3386 1864 ac-

1820 1909 1986 1971 tibus
2013 1908 2226 1968 liberte
2257 1905 2595 1967 voluntatis
2628 1921 2841 1965 veram
2879 1919 3018 1962 esse
3038 1919 3053 1973 ;
3076 1906 3210 1960 tum
3234 1895 3382 1976 quia

1820 2003 1978 2063 ratio
2004 2019 2142 2080 quae
2160 1999 2501 2061 Concilium
2523 1997 2737 2070 movit,
2770 1995 3004 2056 scilicet
3023 1990 3386 2054 indifferen—

1822 2096 1907 2156 tia
1926 2093 2254 2168 libertatiS,
2270 2096 2364 2153 est
2381 2091 2605 2153 eadem
2624 2090 2690 2150 in
2709 2087 3022 2158 omnibus;
3043 2091 3176 2146 tum
3197 2083 3384 2144 etiam

1822 2189 1972 2268 quia
1991 2187 2186 2246 multo
2205 2185 2329 2263 maj
2337 2202 2410 2245 or
2427 2182 2621 2244 motio
2649 2186 2712 2242 et
2733 2179 3008 2242 efficacia
3032 2177 3142 2238 Dei
3171 2191 3386 2236 neces-

1824 2280 1988 2342 saria
2029 2285 2124 2340 est
2165 2279 2230 2339 in
2274 2274 2852 2356 supernaturalibus
2906 2271 3148 2352 actibus
3197 2286 3387 2348 quam

1822 2374 1887 2434 in
1926 2373 2192 2433 caeteris.
2222 2369 2462 2432 Deinde
2505 2376 2599 2430 est
2647 2374 2888 2429 certum
2926 2363 3269 2428 Concilium
3302 2361 3391 2421 lo-

1825 2468 1934 2545 qui
1960 2467 2037 2527 de
2065 2465 2339 2526 motione
2369 2464 2478 2524 Dei
2505 2461 2930 2542 praeveniente
2957 2462 3236 2519 nostram
3279 2474 3390 2517 vo·-

1822 2561 2149 2621 luntatem.
2184 2559 2360 2622 Unde
2387 2575 2531 2618 cum
2561 2555 2836 2616 definitio
2869 2554 3004 2632 ejus
3032 2548 3392 2612 doctrinalis

1826 2653 1923 2724 sit,
1959 2653 2074 2713 erit
2101 2652 2289 2712 etiam
2315 2649 2662 2730 generalis;
2697 2647 2844 2726 quia
2869 2644 3096 2706 eadem
3121 2643 3279 2703 ratio
3297 2645 3392 2701 est

1829 2747 1907 2807 de
1952 2761 2348 2824 quacumque
2401 2741 2828 2821 praeveniente
2870 2737 3186 2808 motione,
3250 2751 3390 2814 quae

1827 2840 2180 2900 libertatem
2207 2855 2336 2898 non
2363 2836 2571 2907 tollat3
2607 2852 2758 2894 nam
2785 2832 2866 2892 ad
2912 2832 3032 2893 boc
3069 2829 3158 2890 ait
3183 2827 3390 2888 Conci-

1827 2934 2006 3004 lium,
2033 2930 2456 2992 necessarium
2487 2945 2623 2988 esse
2651 2931 2722 2986 ut
2749 2924 2942 3004 possit
2977 2922 3264 2984 voluntas
3293 2937 3392 2980 re·-

1829 3027 2070 3099 sistere,
2115 3043 2242 3084 non
2289 3023 2574 3084 obstante
2615 3017 2912 3081 motione.
2945 3015 3226 3078 Tandem
3265 3031 3397 3074 cer·

1827 3127 1964 3182 tum
1989 3126 2082 3179 est
2108 3117 2280 3196 loqui
2315 3115 2656 3177 Concilium
2693 3113 2758 3173 in
2791 3131 2980 3174 sensu
3010 3107 3354 3188 composito
3374 3152 3390 3180 ,

1828 3214 1892 3274 id
1922 3218 2038 3285 est,
2075 3211 2374 3271 existente
2421 3209 2530 3269 Dei
2562 3208 2837 3268 motione
2880 3222 3064 3284 posse
3107 3202 3394 3263 volunta-

1827 3312 1957 3367 tem
1982 3305 2066 3365 illi
2095 3321 2221 3364 non
2245 3301 2619 3373 consentire,
2647 3317 2856 3377 neque
2879 3316 2956 3359 ex
2979 3296 3084 3358 illa
3109 3294 3388 3373 operari;

1832 3398 1949 3458 hoc
1969 3398 2136 3457 enim
2163 3394 2491 3455 manifeste
2521 3392 2801 3454 indicant
2823 3390 3016 3451 verba
3045 3389 3152 3448 illa
3173 3405 3187 3446 ε
3211 3386 3396 3464 Quip-

1826 3509 1901 3572 pe
1926 3489 2031 3571 qui
2051 3490 2227 3551 illam
2248 3470 2504 3566 ahjaim
2521 3490 2724 3567 potest
2751 3512 2774 3557 ,·
2801 3488 2864 3545 et
2889 3484 3028 3544 illa:
3051 3482 3249 3545 Posse
3276 3477 3396 3541 dis-

1830 3584 2077 3655 sentire,
2109 3581 2166 3645 si
2192 3582 2338 3645 velit
2356 3607 2382 3653 ‚·
2411 3597 2560 3657 ergo
2591 3583 2794 3641 stante
2821 3574 3272 3637 illuminatione
3294 3570 3394 3631 vel

1830 3675 2129 3748 motione,
2160 3680 2362 3753 potest
2385 3673 2556 3733 illam
2584 3672 2873 3733 voluntas
2910 3668 3214 3747 abjicere;
3247 3662 3394 3743 quia

1827 3786 2016 3829 nemo
2046 3768 2270 3829 dicitur
2297 3766 2592 3846 abjicere,
2627 3764 2750 3825 nisi
2779 3764 2842 3823 id
2867 3760 3038 3841 quod
3071 3759 3263 3820 habet
3285 3762 3394 3818 aut

1829 3861 1998 3939 quod
2032 3861 2090 3923 ei
2122 3862 2418 3932 offertur;
2451 3864 2516 3919 et
2547 3856 2836 3919 eamdem
2883 3855 3010 3914 vim
3043 3852 3237 3913 habet
3260 3869 3396 3911 ver-

1826 3954 1980 4014 bum
2021 3952 2386 4025 resistendi,
2435 3950 2770 4011 claudendi
2797 3950 3095 4027 januam,
3127 3948 3192 4005 et
3229 3944 3395 4004 simi-

1825 4047 1941 4118 lia;
1975 4064 2148 4127 ergo,
2185 4046 2366 4125 juxta
2401 4044 2656 4105 Concilii
2685 4042 3059 4114 doctrinam,
3091 4056 3218 4098 non
3255 4042 3395 4097 tan-

1826 4145 1962 4201 tum
1991 4142 2056 4201 in
2083 4157 2272 4199 sensu
2294 4137 2514 4208 diviso,
2548 4136 2660 4197 sed
2687 4135 2875 4195 etiam
2911 4133 2976 4191 in
3003 4148 3195 4192 sensu
3223 4147 3395 4191 com-

1828 4234 2054 4313 posito,
2105 4249 2365 4293 necesse
2419 4236 2514 4292 est
2565 4235 2636 4290 ut
2663 4232 2919 4289 maneat
2965 4225 3030 4285 in
3075 4221 3392 4285 voluntate

1827 4332 2105 4405 potestas
2140 4325 2468 4387 resistendi
2509 4322 2766 4385 cuilibet
2805 4316 3193 4399 proemotioni
3243 4315 3394 4376 divi-

1826 4438 1950 4491 nae,
1985 4418 2036 4480 si
2063 4419 2318 4479 libertas
2337 4416 2572 4477 arbitrii
2603 4411 3036 4475 conservanda
3065 4414 3195 4481 est3
3241 4426 3392 4487 ergo

1830 4530 1863 4572 e
1894 4511 2230 4583 contrario,
2270 4512 2320 4571 si
2355 4510 2456 4569 illa
2503 4508 2736 4588 praevia
2779 4502 3214 4567 determinatio
3262 4519 3392 4562 non

1824 4606 2120 4683 relinquit
2157 4608 2534 4682 potestatem
2560 4618 2689 4661 non
2715 4597 3042 4679 operandi,
3079 4613 3222 4673 quae
3253 4612 3392 4672 pos-

1828 4698 1908 4759 sit
1933 4716 2076 4757 cum
2121 4698 2224 4757 illa
2253 4694 2568 4775 componi,
2610 4694 2798 4772 plane
2845 4689 3111 4751 destruit
3143 4687 3393 4747 liberta-

1826 4796 1956 4851 tem
1985 4792 2050 4851 in
2090 4792 2226 4868 ipso
2257 4808 2400 4861 usu,
2423 4790 2600 4868 juxta
2628 4784 2976 4847 doctrinam
3005 4780 3281 4842 Consilii.

1910 4889 1972 4945 6.
2019 4882 2215 4946 Aliud
2243 4898 2620 4961 responsum.
2653 4910 2734 4925 -
2761 4878 3004 4941 stowe
3045 4873 3394 4937 declaratum

1825 4976 2253 5042 testimonium.
2286 5006 2367 5021 -
2397 4974 2698 5035 Viderunt
2739 4968 2994 5031 tandem
3023 4968 3116 5045 (ut
3144 4966 3388 5045 opinor)

1828 5072 1932 5150 huj
1943 5089 2015 5159 us
2042 5069 2300 5130 rationis
2330 5074 2392 5129 et
2410 5064 2746 5127 testimonii
2777 5062 2900 5123 vim
2929 5059 3228 5140 oppositae
3253 5078 3392 5121 sen-

1822 5164 2032 5225 tentiae
2089 5161 2451 5223 defensores
2471 5204 2486 5232 ,
2539 5164 2602 5219 et
2651 5155 2912 5217 modum
2967 5152 3390 5231 respondendi

1823 5260 2169 5327 mutarunt,
2201 5253 2642 5322 concedentes,
2672 5250 2862 5309 etiam
2889 5246 3093 5326 posita
3124 5245 3237 5306 Dei
3259 5262 3391 5305 mo-

1820 5350 1994 5411 tione
2049 5351 2114 5409 et
2165 5344 2710 5414 determinatione,
2769 5358 2954 5419 posse
3006 5338 3390 5419 voluntatem

1822 5441 2154 5503 dissentire
2183 5445 2247 5503 et
2271 5457 2400 5500 non
2421 5437 2701 5517 operari3
2735 5434 2952 5495 dicunt
2995 5438 3206 5492 tamen
3231 5446 3392 5488 nun-

1822 5553 2016 5617 quam
2045 5552 2184 5597 esse
2204 5552 2333 5595 non
2361 5535 2784 5609 operaturam,
2817 5531 2880 5587 et
2895 5525 3018 5587 hoc
3039 5538 3178 5583 esse
3205 5518 3390 5585 infal-
