3850 6225
465 381 586 444 236

467 486 588 548 illis
625 488 830 566 verbis
873 494 1135 552 censent
1177 490 1387 552 datam
1420 493 1710 554 Ecclesiae
1755 499 2031 573 potesta-

465 585 597 642 tem
639 587 710 642 ut
757 580 1041 643 infideles
1089 583 1170 644 ad
1220 583 1408 646 fidem
1459 587 1810 665 compellat.
1863 587 2024 662 Sed,

468 674 519 736 si
568 674 688 736 hec
735 675 1118 756 intelligatur
1158 677 1238 739 de
1289 678 1667 752 infidelibus,
1718 681 1823 760 qui
1868 699 2029 742 nuu-

467 785 659 846 quam
689 767 878 829 fidem
919 775 1350 849 susceperunt,
1383 771 1540 833 falsa
1576 779 1670 834 est
1699 773 2022 848 doctrina3

468 861 616 940 quia
643 861 708 921 in
735 861 1012 924 Ecclesia
1040 881 1168 923 nen
1197 870 1289 925 est
1311 871 1588 945 potestas
1611 868 2025 948 compellendi

469 972 578 1014 eos
621 954 705 1015 ad
731 953 944 1026 fidem,
976 975 1090 1036 per
1117 975 1184 1018 se
1211 956 1565 1036 loquend03
1597 961 1648 1022 si
1670 979 1820 1038 vero
1851 961 2029 1023 intel-

467 1045 698 1127 ligatur
735 1047 814 1109 de
842 1049 1198 1110 infidelibus
1223 1053 1521 1131 apostatis
1563 1060 1626 1115 et
1659 1053 2030 1116 inobedien-

467 1143 634 1204 tibus
661 1142 977 1221 Ecclesiae,
1007 1144 1094 1206 sic
1125 1163 1342 1206 verum
1375 1153 1470 1209 est
1497 1167 1634 1212 esse
1665 1149 1728 1211 in
1753 1151 2029 1212 Ecclesia

468 1243 836 1318 potestatem
869 1240 1132 1318 cogendi
1175 1257 1284 1300 eos
1312 1260 1426 1321 per
1451 1260 1673 1321 peenas
1717 1243 1798 1305 ad
1837 1243 2032 1306 fidem

468 1330 896 1405 retinendam,
936 1337 1000 1394 et
1033 1333 1114 1396 de
1157 1335 1258 1396 illa
1309 1337 1572 1418 intelligi
1611 1337 1782 1400 hunc
1819 1339 2033 1401 lecum

471 1424 552 1486 ab
580 1425 950 1504 Angustiae,
985 1445 1274 1490 sermone
1305 1431 1384 1491 33
1414 1431 1492 1492 de
1521 1431 1706 1494 Verb.
1733 1434 1941 1510 Dom.‚
1968 1439 2031 1494 et

468 1518 627 1579 libro
661 1519 942 1581 secunde
970 1527 1184 1584 centra
1225 1523 1385 1585 duas
1427 1526 1719 1604 epistolas
1745 1527 2033 1589 Gauden-

469 1611 556 1686 tii,
595 1611 796 1690 capite
838 1615 938 1686 17,
971 1621 1034 1675 et
1062 1615 1125 1675 in
1165 1617 1426 1696 epistola
1452 1621 1554 1693 50,
1587 1626 1648 1680 et
1673 1621 1943 1682 hahetur
1966 1620 2032 1681 in

469 1721 609 1784 cap.
639 1703 1034 1770 Schismatici
1060 1711 1160 1782 23,
1184 1727 1246 1787 q.
1279 1711 1340 1772 6.
1375 1712 1786 1774 Nihilominus
1819 1721 2031 1776 tamen

469 1799 602 1860 hoec
675 1802 977 1878 expositio
1049 1821 1176 1864 non
1250 1810 1345 1866 est
1409 1808 1789 1868 necessaria.
1851 1809 2032 1871 Unde

469 1893 542 1952 D.
569 1891 928 1974 Gregorius,
963 1895 1179 1957 homil.
1213 1897 1292 1960 36
1318 1899 1382 1958 in
1407 1900 1770 1980 Evangelia,
1803 1901 2036 1964 intelli-

472 1985 560 2066 git
604 1985 686 2046 ibi
735 2003 872 2048 esse
919 2005 1276 2051 sermonem
1321 1992 1402 2054 de
1459 1994 1732 2073 quadam
1779 1995 2031 2075 speciali

469 2080 797 2140 vocatione
839 2087 900 2142 et
931 2083 1324 2162 providentia
1366 2086 1501 2156 Dei,
1534 2105 1660 2167 qua
1689 2107 1838 2150 suos
1874 2088 2035 2150 elec-

473 2177 568 2233 tos
608 2171 927 2234 laboribus
982 2181 1045 2236 et
1093 2178 1392 2239 aerumnis
1443 2181 1892 2261 temporalibus
1947 2183 2033 2243 ita

473 2265 712 2345 affligit,
733 2272 802 2327 ut
821 2267 1298 2332 adversitatibus
1331 2273 1532 2344 fracti,
1567 2282 1628 2336 et
1657 2277 1836 2355 quasi
1865 2295 2035 2339 com-

471 2358 634 2438 pulsi
672 2359 756 2420 ad
781 2361 890 2423 Dei
919 2380 1198 2426 amorem
1243 2365 1521 2427 redeant.
1553 2369 1678 2430 Nec
1716 2369 2034 2432 dissimilis

473 2457 568 2512 est
607 2452 870 2514 aliorum
907 2457 1229 2535 expositie,
1259 2459 1366 2537 qui
1397 2460 1750 2540 intelligunt
1777 2463 1860 2524 ibi
1892 2482 2031 2526 esse

473 2563 830 2606 sermenem
876 2547 956 2608 de
992 2551 1266 2628 quadam
1305 2554 1660 2616 vehementi
1705 2557 2031 2618 vocatione

473 2638 740 2712 interna,
772 2657 896 2719 qua
925 2642 1090 2702 Deus
1117 2644 1277 2705 solet
1311 2647 1487 2724 quasi
1517 2648 1888 2709 miraculose
1914 2649 2034 2710 im-

473 2737 716 2792 mutare
746 2733 969 2808 cerda;
1005 2737 1206 2815 qualis
1245 2737 1360 2800 fuit
1392 2740 1633 2801 vocatio
1663 2741 1944 2804 Latronis
1966 2743 2033 2804 in

473 2841 680 2898 cruce,
725 2826 824 2886 vel
865 2829 1104 2890 vocatio
1157 2831 1350 2892 Pauli.
1397 2833 1490 2894 Ad
1533 2852 1722 2913 quem
1773 2837 2033 2898 modum

473 2917 722 2980 videtur
750 2919 1010 3002 intelligi
1059 2923 1230 3002 qued
1265 2926 1538 2986 Ecclesia
1573 2928 1725 3008 petit
1767 2929 1832 2989 in
1880 2949 2035 3010 qua-

473 3010 621 3071 dam
649 3013 930 3091 collecta,
973 3022 1042 3077 ut
1081 3017 1246 3078 Deus
1276 3025 1523 3080 nostras
1553 3021 1634 3082 ad
1661 3041 1728 3084 se
1758 3025 2035 3104 compel-

473 3106 560 3168 lat
601 3106 870 3171 rebelles
907 3108 1280 3173 voluntates.
1311 3114 1454 3175 Haec
1485 3114 1653 3177 enirn
1687 3119 2033 3199 compulsio

473 3220 602 3263 non
633 3209 728 3264 est
755 3204 872 3265 nisi
906 3206 1161 3267 moralis
1189 3209 1476 3287 quaedam
1521 3211 1864 3273 vehemens
1896 3232 2037 3294 per-

475 3296 706 3358 suasio.
757 3298 1050 3377 Preprius
1097 3305 1312 3362 tamen
1365 3308 1428 3362 et
1482 3302 1764 3365 litteralis
1812 3326 2037 3367 sensus

473 3387 638 3449 illius
691 3388 810 3451 loci
872 3398 998 3465 est,
1060 3392 1334 3455 futuram
1382 3396 1575 3457 fuisse
1641 3398 1706 3458 in
1761 3400 2039 3461 Ecclesia

475 3482 696 3543 Christi
736 3500 1036 3562 magnam
1082 3486 1206 3545 vim
1235 3488 1624 3567 Evangelicoe
1654 3491 2040 3570 prm-dicatio-

475 3577 573 3637 nis
623 3576 706 3637 ad
749 3580 1238 3641 commovendos
1281 3581 1568 3645 homines
1601 3584 1682 3645 ad
1722 3584 1937 3659 fidem,
1970 3591 2041 3648 ut

471 3670 598 3731 late
641 3675 705 3731 et
737 3668 902 3732 bene
955 3673 1210 3750 exponit
1236 3670 1573 3737 Jans‘enius
1602 3666 1668 3737 in
1699 3678 2033 3755 concord„

473 3782 528 3824 c.
561 3764 662 3825 91.
695 3762 1102 3844 Quacumque
1151 3786 1302 3829 vero
1359 3770 1600 3831 ratione
1659 3779 2033 3852 exponatur,

473 3860 716 3917 constat
745 3858 1236 3937 compulsionem
1271 3861 1354 3922 ibi
1392 3864 1816 3943 metaphorice
1849 3866 2034 3937 sumi,

475 3954 536 4009 et
595 3968 722 4011 non
775 3951 1126 4031 significare
1181 3955 1508 4035 physicam
1567 3957 2038 4020 determinatio-

475 4060 643 4118 nem,
701 4044 814 4105 sed
863 4046 1167 4107 moralem
1228 4048 1654 4111 inductionem
1683 4097 1699 4124 ,
1749 4070 1861 4131 per
1917 4051 2034 4113 ali-

474 4154 666 4215 quam
715 4136 1078 4201 interiorem
1113 4140 1216 4202 vel
1265 4144 1638 4206 exteriorem
1679 4146 2037 4225 persuasio-

473 4248 642 4291 nem.

469 4418 888 4503 Empommtur
928 4442 1119 4488 canoa
1163 4430 1422 4507 quartus
1473 4426 1729 4491 concilii
1769 4427 2037 4493 Arami-

713 4516 937 4581 caniet
964 4517 1094 4582 azia
1126 4518 1473 4583 testimonia
1502 4521 1791 4584 Petrum.

557 4702 654 4761 11.
703 4700 798 4762 Ad
841 4702 1189 4765 secundum
1230 4708 1674 4784 argumentum
1701 4724 1778 4767 ex
1819 4706 2037 4769 Conci-

475 4794 556 4857 lio
599 4796 980 4857 Arausicano
1030 4796 1328 4872 secunde,
1369 4804 1432 4859 et
1478 4798 1614 4859 aliis
1665 4798 2036 4861 testimoniis

476 4889 750 4961 Patrum,
777 4890 1193 4968 respondetur
1235 4891 1300 4951 in
1329 4890 1448 4952 illis
1477 4892 1767 4954 omnibus
1812 4893 2039 4972 princi-

472 4982 698 5062 paliter
729 4982 1012 5043 damnari
1044 4984 1690 5064 Semipelagianerum
1729 5004 2036 5061 errorem,

475 5081 538 5135 et
575 5080 790 5135 contra
839 5074 1010 5135 illum
1052 5076 1319 5151 definiri,
1365 5080 1590 5152 Deum,
1629 5084 1776 5141 ante
1826 5080 2039 5141 emnia

475 5167 696 5229 merita
748 5176 994 5243 nostra,
1049 5170 1345 5232 inchoare
1395 5172 1465 5233 in
1502 5172 1685 5233 nohis
1727 5172 2032 5248 salutem,

475 5268 538 5324 et
570 5280 756 5323 omne
783 5262 1257 5336 benemerendi,
1290 5271 1399 5325 aut
1427 5264 1736 5344 condigne
1764 5265 1864 5327 vel
1893 5284 2038 5327 een-

473 5374 630 5436 grue
663 5356 922 5435 petendi
959 5358 1354 5437 principium.
1381 5360 1640 5421 Inchoat
1679 5365 1890 5419 autem
1919 5360 2038 5421 hoc

475 5452 540 5513 in
567 5452 748 5514 nobis
777 5452 945 5514 Deus
977 5472 1092 5533 per
1121 5472 1298 5515 suam
1345 5455 1760 5529 vocationem,
1791 5460 1860 5515 ut
1887 5452 2042 5517 dixit

477 5544 818 5609 Concilium
845 5546 1298 5619 Tridentinum,
1328 5566 1483 5609 sess.
1513 5548 1572 5621 6,
1607 5565 1661 5608 c.
1712 5548 1751 5609 5
1793 5552 1856 5607 et
1881 5549 1945 5617 6,
1978 5554 2041 5611 et

1295 393 1504 448 OPUSG.
1543 395 1581 454 1.
1618 393 1730 446 LlB.
1771 395 1853 447 ΙΙΙ.
1891 397 1971 448 DE
2006 395 2279 450 Anxluls
2310 397 2542 451 mvmAE
2572 393 2839 450 cunm.

2108 513 2223 574 per
2264 495 2555 557 eamdem
2590 495 2985 556 vocationem
3014 491 3162 553 facit
3202 495 3273 550 ut
3314 488 3579 550 velimus
3602 497 3655 551 et

2106 587 2411 649 faciamus
2436 634 2452 662 ,
2508 593 2577 648 ut
2618 605 2697 648 ex
2747 585 3097 666 Augustino
3150 583 3487 663 probatum
3538 589 3650 652 est,

2110 699 2164 743 c.
2196 685 2237 743 4
2266 687 2329 744 et
2372 684 2431 754 5,
2464 679 2847 742 declarando
2890 677 3159 759 gratiam
3206 675 3579 736 excitantem
3604 681 3657 734 et

2110 781 2495 854 operantem.
2518 775 2689 838 Facit
2717 778 2929 834 autem
2957 777 3026 832 ut
3052 769 3341 840 velimus,
3370 785 3499 827 non
3522 767 3657 846 phy-

2108 869 2235 930 sice
2266 866 2767 941 determinande,
2798 866 2909 926 sed
2942 863 3267 926 moraliter
3290 859 3659 940 persuaden-

2108 963 2213 1030 do,
2247 968 2311 1024 et
2336 963 2575 1024 benum
2600 960 2895 1022 affectum
2922 955 3315 1036 inspirando,
3340 955 3415 1013 ut
3442 951 3657 1012 eisdem

2108 1056 2261 1117 locis
2286 1101 2303 1128 ,
2354 1061 2418 1117 et
2470 1073 2609 1135 cap.
2664 1054 2857 1116 etiam
2902 1050 3239 1112 undecimo
3290 1045 3661 1107 declaratum

2112 1157 2243 1223 est;
2274 1149 2424 1211 facit
2450 1155 2664 1210 antem
2694 1145 3047 1218 efficaciter,
3080 1133 3335 1222 quande
3364 1138 3476 1200 dat
3496 1157 3663 1198 veca-

2110 1246 2347 1306 tienem
2376 1261 2747 1325 congruam,
2780 1241 2983 1321 qualis
3012 1235 3320 1317 superiori
3349 1234 3553 1313 capite
3576 1253 3663 1294 ex·

2110 1339 2341 1420 plicata
2386 1345 2501 1400 est.
2548 1339 2627 1399 Et
2676 1341 2825 1398 tunc
2872 1332 3097 1397 dicitur
3134 1327 3495 1410 specialiter
3522 1329 3665 1387 Dens

2112 1450 2241 1494 non
2280 1432 2484 1494 selum
2526 1431 2679 1493 dare
2720 1446 2928 1510 pesse,
2962 1425 3075 1487 sed
3104 1425 3297 1486 etiam
3326 1422 3483 1483 dare
3522 1421 3665 1482 velle

2114 1532 2177 1588 et
2206 1526 2491 1606 open-arn
2536 1542 2665 1585 nen
2695 1523 2841 1604 quia
2886 1519 3177 1582 excludat
3210 1515 3539 1598 propriam
3572 1515 3667 1575 ho·

2114 1619 2301 1680 minis
2330 1617 2917 1680 determinationem
2968 1613 3051 1674 ad
3078 1613 3287 1691 ipsum
3330 1608 3523 1680 velle,
3568 1607 3665 1668 sed

2116 1713 2263 1792 quia
2300 1712 2439 1772 talis
2477 1711 2721 1772 vocatio
2756 1727 2833 1770 ex
2888 1706 3256 1778 intentione,
3312 1707 3379 1763 et
3428 1701 3666 1782 speciali

2114 1803 2505 1884 providentia
2544 1804 2655 1865 Dei
2686 1803 2893 1876 datur,
2934 1807 3005 1862 ut
3048 1795 3461 1860 infallibiliter
3492 1795 3664 1854 effec-

2114 1905 2249 1958 tum
2301 1896 2554 1958 volendi
2602 1897 2671 1956 in
2724 1895 2977 1957 homine
3034 1895 3505 1968 consequatur3
3548 1891 3669 1947 tum

2116 1991 2305 2052 etiam
2331 1991 2479 2068 quia
2508 1989 2648 2051 talis
2675 1987 2919 2050 vocatio
2966 2003 3181 2048 secum
3212 1983 3411 2043 habet
3454 1979 3669 2041 infalli-

2112 2084 2321 2146 biliter
2358 2085 2759 2164 conjunctam
2794 2081 3059 2162 gratiam
3110 2078 3548 2158 adjuvantem,
3584 2091 3671 2133 ra-

2112 2178 2283 2240 tione
2316 2167 2517 2256 'eujus
2560 2176 2784 2238 dicitur
2844 2174 3032 2235 etiam
3089 2173 3259 2233 Deus
3314 2165 3669 2248 principalis

2114 2276 2333 2332 auctor
2360 2269 2557 2330 nostri
2583 2268 2743 2330 velle
2790 2273 2853 2329 et
2898 2265 3168 2347 operari.
3194 2265 3459 2341 Propter
3486 2277 3666 2338 quam

2115 2381 2375 2426 causam
2402 2381 2567 2443 saepe
2590 2361 2975 2442 Augustinus
2994 2365 3195 2420 tetum
3220 2354 3507 2418 attribuit
3534 2353 3665 2412 huic

2116 2459 2353 2520 efficaci
2402 2456 2750 2528 vocationi,
2804 2453 3073 2514 maxime
3134 2451 3201 2512 in
3266 2465 3437 2527 saepe
3490 2447 3667 2506 citata

2114 2552 2454 2632 quoestione
2502 2548 2779 2611 secunda
2822 2547 2903 2608 ad
2946 2544 3442 2626 Simplicianum,
3486 2546 3555 2601 et
3600 2539 3667 2600 de

2114 2645 2345 2726 Spiritu
2380 2651 2441 2705 et
2485 2644 2712 2716 littera,
2744 2661 2798 2704 c.
2830 2643 2930 2715 34,
2964 2646 3027 2701 et
3064 2639 3143 2700 de
3175 2632 3669 2699 Praedestinatie-

2112 2758 2193 2801 ne
2214 2741 2605 2811 Sanctorum,
2640 2757 2696 2799 c.
2726 2737 2767 2798 6
2794 2740 2856 2796 et
2884 2737 3168 2814 sequent.
3468 2795 3491 2818 ο

2194 2834 2270 2894 Et
2299 2831 2523 2893 eadem
2562 2831 2807 2892 ratione
2843 2828 3017 2900 dixit,
3064 2826 3144 2888 de
3173 2826 3353 2886 Dono
3384 2839 3670 2904 perseve-

2114 2927 2357 2998 rantiae,
2388 2943 2525 3004 cap.
2557 2926 2656 2998 11,
2690 2924 2803 2998 eiS,
2830 2923 3058 3002 quibus
3086 2921 3307 2982 datum
3332 2935 3465 2978 non
3486 2922 3669 2978 estut

2116 3019 2469 3092 crederent,
2512 3035 2643 3079 nen
2674 3035 2813 3078 esse
2854 3016 3065 3077 datam
3110 3029 3457 3092 congruam
3498 3027 3670 3070 voca-

2113 3116 2349 3177 tionem
2378 3113 2547 3175 unde
2586 3111 2935 3173 crederent.
2968 3106 3148 3181 Quod
3172 3124 3303 3169 non
3328 3114 3423 3167 est
3450 3103 3668 3167 intelli·

2117 3208 2393 3289 gendum
2441 3206 2795 3277 causaliter,
2827 3208 2895 3264 ut
2932 3202 3126 3281 aliqui
3172 3199 3337 3261 male
3376 3200 3669 3277 interpre-

2117 3308 2350 3376 tantur,
2384 3301 2639 3371 scilicet,
2690 3298 2832 3360 ideo
2861 3298 3059 3358 Deum
3097 3312 3227 3356 non
3274 3293 3529 3354 dedisse
3564 3292 3669 3351 illis

2120 3395 2291 3457 unde
2340 3394 2689 3467 crederent,
2736 3392 2885 3470 quia
2936 3389 3303 3451 decreverat
3348 3405 3477 3448 nen
3528 3385 3669 3446 dare

2118 3489 2242 3551 illis
2278 3496 2347 3551 ut
2388 3488 2738 3550 crederent.
2785 3484 2965 3558 Quod
3001 3500 3191 3564 quam
3230 3484 3309 3542 sit
3348 3480 3576 3541 falsum
3618 3486 3669 3537 et

2120 3604 2157 3646 a
2197 3591 2411 3646 mente
2454 3582 2783 3661 Augustini
2829 3580 3130 3649 alienum,
3182 3581 3431 3637 constat
3472 3592 3553 3635 ex
3583 3572 3671 3631 his

2119 3696 2259 3759 quae
2294 3678 2677 3757 Augustinus
2713 3674 2795 3736 ad
2826 3673 3123 3735 articulos
3154 3671 3269 3731 sibi
3294 3669 3455 3730 falso
3484 3671 3672 3747 impo-

2119 3775 2291 3847 sitos,
2344 3773 2443 3834 vel
2486 3774 2753 3850 Prosper
2796 3788 2910 3850 pro
2962 3767 3091 3842 illo,
3142 3764 3494 3844 respondit,
3542 3780 3671 3840 quoe

2119 3886 2263 3930 cum
2292 3867 2428 3927 aliis
2454 3884 2669 3945 supra,
2700 3864 2859 3924 libre
2888 3860 3189 3933 secunde,
3220 3858 3427 3937 capite
3460 3862 3669 3935 quarto

2120 3969 2183 4023 et
2218 3961 2435 4041 quinto
2465 3960 2859 4021 adduximus.
2886 3953 3369 4034 Intelligendum
3402 3966 3552 4029 erge
3586 3952 3673 4008 est

2118 4058 2365 4115 tantum
2403 4052 2673 4125 illative;
2710 4068 2858 4111 nam
2906 4048 3134 4129 quihus
3184 4064 3315 4107 non
3370 4044 3553 4105 datur
3610 4045 3673 4100 ut

2120 4148 2399 4221 credant,
2426 4152 2667 4209 certum
2706 4150 2800 4206 est
2852 4161 2983 4204 nen
3008 4142 3147 4203 dari
3186 4156 3535 4219 congruam
3576 4154 3671 4193 ve-

2118 4242 2430 4305 cationem
2482 4240 2561 4301 ad
2608 4239 2994 4301 credendum
3024 4256 3039 4309 ;
3094 4250 3461 4314 quanquam
3514 4228 3671 4309 qued

2114 4334 2221 4397 illa
2246 4353 2521 4415 congrua
2552 4350 2681 4395 non
2702 4333 2801 4406 sit,
2828 4347 3038 4410 neque
3064 4329 3306 4400 efficax,
3328 4344 3459 4387 non
3488 4324 3671 4385 aliun-

2115 4428 2194 4489 de
2220 4446 2411 4508 quam
2442 4446 2518 4489 ex
2544 4444 2763 4488 eorum
2791 4424 3113 4487 voluntate
3138 4420 3487 4502 preveniat3
3512 4416 3670 4496 quod

2116 4530 2284 4585 recte
2338 4522 2436 4582 his
2488 4520 2695 4583 verbis
2748 4519 2901 4581 dixit
2948 4517 3335 4597 Augustinus
3368 4560 3384 4587 ,
3430 4514 3533 4574 lib.
3596 4513 3669 4573 83

2118 4616 2567 4689 Quaestionum,
2606 4620 2830 4693 quaest.
2876 4612 2959 4673 68
3008 4630 3023 4671 :
3071 4608 3174 4673 Aa
3212 4610 3389 4671 illam
3430 4624 3663 4675 σει-παπ,

2116 4728 2298 4793 quam
2346 4708 2645 4772 Dominus
2684 4706 2837 4770 aicit
2888 4705 2959 4768 in
2994 4701 3333 4786 Evanyelio
3369 4718 3667 4784 proepara-

2120 4807 2267 4878 tam,
2312 4820 2419 4865 mc
2466 4818 2665 4863 omnes
2692 4796 2798 4881 qui
2832 4797 3029 4861 vocati
3064 4800 3214 4858 sunt
3250 4796 3455 4859 mire
3484 4793 3663 4856 volue-

2116 4898 2289 4967 runt,
2330 4911 2513 4974 mque
2540 4892 2665 4967 illi,
2701 4892 2807 4974 qui
2835 4894 3146 4962 venerunt,
3182 4890 3389 4950 venire
3406 4887 3659 4970 possent,

2119 4988 2246 5050 nisi
2276 4991 2653 5051 vocarentur.
2686 4986 2903 5067 Itaque
2932 5000 3037 5046 nec
3062 4982 3161 5044 illi
3188 4982 3396 5045 debent
3416 4980 3529 5043 sibi
3558 4979 3664 5041 tri·

2120 5082 2291 5145 bueo-e
2326 5082 2431 5162 qui
2462 5086 2771 5153 venerunt,
2820 5078 2966 5159 quia
3000 5075 3201 5138 vocati
3242 5076 3542 5145 actumst,
3566 5088 3665 5132 nec

2118 5174 2220 5237 illi
2237 5174 2342 5256 qui
2372 5174 2695 5237 noluerunt
2719 5172 2941 5243 venire,
2967 5168 3169 5231 debent
3189 5166 3373 5231 alteri
3398 5166 3659 5233 tribuere,

2118 5270 2227 5332 sed
2268 5273 2507 5332 tautum
2558 5268 2697 5340 eibi,
2737 5264 3015 5347 quoniam
3048 5268 3121 5325 ut
3165 5260 3437 5325 venirent
3458 5257 3662 5333 vocati,

2119 5368 2252 5425 erat
2274 5364 2340 5424 in
2370 5360 2557 5425 libera
2582 5360 2910 5423 volumtate.

2203 5456 2300 5515 12.
2334 5454 2547 5516 Canon
2572 5470 2721 5533 ergo
2749 5458 3009 5533 quartus
3038 5449 3292 5513 concilii
3318 5444 3663 5511 Amusieani

2120 5554 2230 5609 aut
2256 5534 2419 5608 male
2470 5565 2509 5607 a
2550 5546 2729 5607 dictis
2764 5546 3121 5607 auctoribus
3148 5542 3522 5623 intelligitur,
3558 5546 3661 5599 ant
