3850 6225
478 415 561 478 86

486 640 861 707 conciliatur
878 635 1287 722 praedefinitio
1303 637 1609 718 explicata
1626 654 1759 702 oum
1778 635 2054 700 libertato

898 732 1099 814 quoad
1119 731 1637 814 specificationum.

564 911 663 970 u.
682 907 772 969 De
784 905 1071 968 libertate
1086 919 1243 965 vero
1266 901 1473 983 quoad
1490 900 2045 982 specificationem‚

486 1009 551 1065 et
572 1005 879 1082 potestate
911 996 1215 1077 operandi
1246 996 1485 1075 absque
1508 994 1616 1056 tali
1634 994 2050 1076 proedeflnitio

485 1113 590 1167 ne,
608 1111 712 1156 res
744 1098 839 1155 est
856 1090 1055 1152 facilis
1071 1095 1134 1151 et
1158 1089 1511 1170 perspicus.
1534 1089 1680 1150 Haec
1696 1087 1865 1150 enim
1884 1105 2050 1166 prte-

484 1187 763 1250 deflnitio
791 1202 921 1246 non
944 1189 1041 1244 est
1064 1183 1423 1244 necessaria
1449 1181 1531 1243 ad
1550 1181 1944 1261 operandum
1971 1199 2050 1243 ex

482 1281 543 1342 vi
564 1276 1091 1342 subordinationis
1114 1293 1321 1340 causoe
1348 1275 1640 1338 secundae
1657 1275 1739 1336 ad
1754 1275 2046 1354 primam,

484 1392 604 1436 nec
632 1373 714 1434 ob
742 1370 1169 1434 necessarium
1190 1385 1567 1430 concursum
1588 1369 1700 1430 Dei
1728 1367 1811 1428 ad
1840 1371 2050 1430 actum

480 1467 751 1529 liberum
777 1463 1111 1526 voluntatis
1142 1481 1159 1522 z
1202 1463 1337 1542 Jam
1370 1461 1539 1522 enim
1572 1479 1611 1522 a
1643 1461 1827 1522 nobis
1856 1477 2052 1540 expo-

486 1561 639 1622 situs
682 1563 777 1620 est
820 1555 1135 1618 sufficiens
1186 1555 1413 1616 modus
1453 1552 1869 1616 concurrendi
1912 1552 2049 1613 sine

482 1652 611 1715 ulla
640 1649 1131 1732 praedefinitione
1172 1667 1189 1721 ;
1242 1653 1306 1710 et
1342 1648 1407 1708 in
1444 1645 1729 1726 sequenti
1758 1645 1917 1707 libro
1949 1663 2052 1706 os-

480 1746 815 1809 tendemus
838 1761 977 1804 esse
997 1742 1209 1822 plures
1231 1746 1407 1802 nctus
1430 1741 1764 1813 humanoS,
1788 1739 1871 1800 ad
1888 1756 2049 1819 quos

483 1841 671 1910 Deus,
700 1842 775 1900 ut
798 1837 999 1917 prima
1022 1852 1235 1906 causa,
1267 1834 1601 1905 concurrit,
1631 1833 1748 1895 etsi
1780 1850 1891 1894 eos
1916 1849 2050 1894 uon

482 1929 893 2013 proedefiniat.
938 1931 1141 2006 Atque
1170 1926 1317 1989 hinc
1345 1926 1415 1988 fit
1438 1933 1529 2000 ut,
1562 1926 1707 1988 licet
1737 1931 1913 1987 sotus
1938 1943 2050 1986 vo·-

482 2023 738 2088 luutatis
754 2039 881 2083 non
898 2021 977 2082 sit
992 2040 1026 2082 a
1040 2021 1169 2082 Deo
1183 2017 1431 2100 proedefi
1439 2019 1628 2094 nitus,
1640 2019 2050 2080 nihilominus

481 2119 681 2198 possit
706 2117 995 2178 voluntas
1016 2114 1275 2188 habere,
1304 2119 1609 2192 quantum
1635 2119 1731 2175 est
1758 2129 1836 2174 ex
1868 2119 2048 2192 parte

482 2211 595 2274 Dei
612 2255 628 2285 ,
674 2213 965 2289 paratum
995 2206 1407 2268 sufficientem
1436 2224 1813 2268 concursum
1846 2205 1927 2267 sd
1955 2211 2051 2267 ta·-

484 2306 611 2367 lem
639 2309 874 2376 actum,
920 2307 985 2364 et
1008 2306 1471 2378 consequenter
1499 2299 1735 2362 habere
1762 2299 2048 2362 absolute

486 2403 549 2459 et
578 2394 939 2474 simpliciter
964 2393 1311 2474 potentiam
1340 2391 1421 2455 ad
1448 2391 1825 2454 eliciendum
1845 2392 2042 2465 illum,

486 2496 551 2552 et
584 2488 782 2550 libere
816 2487 989 2547 illum
1018 2502 1149 2547 nou
1178 2503 1493 2548 exercere.
1526 2484 1681 2557 Quia
1705 2501 2050 2546 concursus

486 2581 798 2664 generalis
842 2598 971 2640 non
1012 2578 1199 2640 datur
1236 2597 1351 2659 per
1400 2579 1565 2640 hanc
1608 2577 2054 2658 praedefinitio-

484 2695 655 2750 nem,
678 2691 885 2752 neque
907 2672 988 2735 ad
1008 2672 1183 2758 illum
1204 2676 1299 2734 est
1324 2672 1708 2745 necessaria3
1734 2689 1885 2752 ergo
1914 2670 2051 2732 sine

482 2769 597 2832 tali
622 2764 1118 2848 praedefinitione
1138 2770 1346 2843 potest
1368 2764 1507 2825 dari
1534 2765 1637 2825 ille
1668 2781 2011 2824 concursus
2031 2779 2048 2834 ς

486 2880 638 2944 ergo
658 2861 771 2922 etsi
788 2860 949 2921 desit
960 2859 1097 2920 hoec
1120 2857 1552 2938 praedefinitiO,
1570 2857 1725 2918 nihil
1744 2857 1921 2920 deest
1939 2873 2054 2918 ne-

486 2955 827 3019 cessarium
858 2951 1238 3032 simpliciter,
1269 2951 1375 3014 vel
1400 2951 1482 3012 ad
1500 2956 1874 3031 potestatem
1900 2967 2052 3029 ope·

483 3046 697 3123 randi,
738 3045 838 3106 vel
868 3044 949 3105 ad
974 3043 1325 3106 libertatem
1350 3043 1413 3104 in
1440 3061 1569 3104 non
1599 3043 1942 3124 operand0.
1977 3043 2054 3104 Et

484 3141 551 3203 in
574 3140 697 3201 hoc
724 3144 819 3201 est
845 3139 1015 3199 clara
1051 3136 1403 3199 differentia
1430 3137 1592 3199 inter
1620 3138 1782 3199 hanc
1812 3136 2053 3217 praede-

485 3234 831 3297 finitionem
858 3239 924 3295 et
950 3232 1121 3293 illam
1146 3231 1860 3312 praedeterminationem
1888 3231 2051 3310 phy-

486 3328 720 3401 sicam;
752 3344 901 3387 nam
923 3327 1057 3388 hoec
1076 3325 1329 3405 ponitur
1346 3326 1699 3388 necessaria
1722 3342 1801 3387 ex
1818 3325 1879 3385 vi
1904 3342 2050 3386 con-

485 3438 706 3484 cursus
752 3425 815 3482 et
860 3418 1172 3499 generalis
1212 3418 1490 3481 influxus
1538 3419 1753 3499 primm
1798 3434 2045 3491 causan

490 3516 662 3593 quia,
708 3512 964 3587 scilicet,
1004 3529 1135 3573 non
1162 3512 1475 3574 concurrit
1501 3510 1622 3572 nisi
1659 3528 1773 3591 per
1800 3510 2054 3572 absolu-

488 3614 618 3669 tam
634 3606 1017 3667 voluntatem
1034 3604 1691 3683 praedeterminantem
1712 3608 1777 3665 et
1792 3620 2056 3683 praemo·

485 3705 739 3763 ventem
768 3716 1031 3761 eausam
1060 3698 1403 3759 secundam
1430 3716 1447 3772 ;
1502 3699 1623 3760 hoc
1654 3697 1823 3759 enim
1862 3713 2055 3758 sensu

486 3793 739 3875 ponitur
782 3792 921 3855 hoec
962 3790 1527 3873 praedeteminatio
1570 3790 1652 3852 ab
1696 3789 2056 3853 auctoribus

484 3886 809 3949 contrarias
826 3883 1319 3963 sententioe,quiu
1334 3883 1585 3964 ponitur
1598 3902 1677 3947 ex
1689 3883 1748 3945 vi
1766 3900 2056 3945 necessa-

486 3982 595 4043 riae
620 3978 1148 4042 subordinationis
1168 3980 1234 4041 et
1258 3977 1696 4059 dependentiae
1723 3993 1932 4040 causes
1961 3992 2056 4037 se-

490 4073 710 4135 eundae
738 4092 773 4134 a
804 4072 1027 4153 prima,
1050 4073 1154 4135 vel
1182 4088 1386 4134 csusae
1412 4069 1823 4133 indifferentis
1845 4088 1885 4131 a
1908 4088 2057 4153 cau:

490 4188 559 4231 sa
579 4167 1185 4250 praedeterminante.
1206 4167 1297 4227 Ex
1326 4185 1453 4247 quo
1480 4166 1553 4229 fit
1582 4171 1651 4227 ut
1678 4184 1891 4241 causa,
1916 4182 2058 4245 quoe

489 4267 662 4326 caret
682 4262 803 4324 hac
826 4260 1509 4342 praedeterminatione,
1540 4266 1753 4323 careat
1770 4277 2057 4322 necessa-

489 4355 583 4417 rio
612 4372 960 4431 concursu,
1000 4353 1089 4417 ita
1116 4360 1187 4416 ut
1214 4372 1342 4416 non
1370 4355 1451 4416 sit
1480 4354 1547 4416 in
1586 4357 1893 4435 potestate
1918 4352 2056 4433 ejus

488 4448 667 4510 illum
703 4447 967 4522 habere,
1008 4453 1071 4511 et
1114 4453 1577 4525 consequenter
1602 4452 1675 4509 ut
1702 4465 1833 4507 non
1858 4444 2058 4525 possit

492 4542 549 4605 ei
576 4540 829 4603 attribui
856 4540 1029 4619 quod
1056 4558 1185 4601 non
1213 4546 1528 4620 operetur.

572 4638 667 4697 15.
698 4632 1044 4699 Disolvitur
1072 4634 1341 4715 objectio.
1377 4668 1460 4683 —
1481 4635 1659 4697 Dices
1693 4652 1709 4695 τ
1740 4634 1793 4695 si
1814 4631 2058 4713 prssde-

494 4729 689 4791 finitio
718 4728 859 4788 haec
878 4746 1008 4788 non
1030 4734 1124 4790 est
1150 4728 1504 4789 necessaria
1528 4746 1603 4789 ex
1632 4734 1809 4807 parte
1840 4744 2056 4789 causa-

488 4840 629 4884 rum
663 4820 1084 4882 secundarum
1126 4821 1209 4882 ad
1236 4821 1495 4883 effectus
1538 4838 1757 4881 earum
1776 4863 1794 4892 ,
1826 4836 1944 4881 nec
1974 4818 2057 4879 ad

492 4932 867 4975 concursum
894 4914 1111 4993 primae
1132 4930 1334 4974 causoe
1350 4931 1493 4973 cum
1512 4912 1655 4986 illis,
1668 4930 1797 4972 non
1812 4916 2057 4991 oportet

489 5008 657 5069 illam
678 5008 807 5067 Deo
823 5006 1097 5069 tribuere
1124 5006 1284 5069 circa
1306 5006 1467 5067 ullos
1484 5006 1743 5068 effectus
1763 5005 1861 5065 vel
1880 5010 2058 5066 actus

492 5106 945 5174 creaturarum,
997 5099 1343 5179 praesertim
1381 5098 1741 5161 liberarum.
1783 5100 2060 5177 Respon-

490 5195 611 5256 deo
640 5194 965 5273 imprimis,
988 5194 1295 5255 hactenus
1312 5192 1547 5255 dictum
1574 5210 1702 5253 non
1730 5210 1867 5253 esse
1892 5192 2058 5253 hanc

490 5286 1049 5368 praedefinitionem
1080 5304 1220 5348 esse
1243 5287 1688 5360 necessariam,
1712 5286 1823 5347 sed
1852 5286 2058 5347 solum

492 5397 632 5441 esse
660 5378 1043 5460 possibilem,
1104 5385 1167 5443 et
1208 5397 1335 5441 non
1382 5384 1841 5459 repugnantem
1874 5378 2060 5440 liber-

490 5472 625 5545 tati,
682 5471 854 5551 quod
900 5476 1106 5552 potest
1150 5488 1291 5534 esse
1338 5490 1557 5535 verum
1581 5518 1599 5546 ,
1659 5472 1900 5533 etiamsi
1947 5488 2057 5533 ne-

488 5564 767 5626 cessaria
813 5582 941 5625 non
984 5565 1083 5640 sit,
1130 5570 1201 5625 ut
1244 5584 1357 5645 per
1393 5584 1459 5627 se
1490 5568 1753 5628 constat.
1787 5564 2054 5639 Deinde,

1228 420 1437 475 OPUSG.
1474 423 1513 486 1,
1551 421 1667 474 Lm.
1704 422 1745 474 1.
1780 421 1860 473 m:
1893 420 2212 476 CONCUBSU
2245 425 2348 478 nm
2379 425 2506 479 CUM
2540 421 2926 476 VOLUNTATE.

2129 527 2276 590 licet
2301 527 2540 608 aliquid
2573 544 2702 589 non
2729 525 2808 586 sit
2837 519 3264 585 necessarium
3289 536 3370 580 ex
3399 521 3583 598 parte
3613 511 3714 576 et*-

2130 620 2352 696 fectus,
2407 626 2613 701 potest
2659 625 2872 680 tamen
2923 633 3064 678 esse
3109 611 3540 676 necessarium
3597 613 3711 668 aut

2129 714 2312 776 valde
2347 713 2728 776 conveniens
2769 729 2849 774 ex
2881 717 3060 791 parte
3093 705 3436 789 operantis,
3463 709 3538 764 ut
3563 720 3712 782 per·

2130 807 2296 870 fecto
2325 807 2514 870 modo
2553 811 2888 886 operetur;
2915 821 3089 878 nam,
3133 805 3204 864 ut
3230 801 3420 862 homo
3447 799 3712 858 moveat

2129 920 2390 964 manum
2414 902 2516 964 vel
2539 899 2791 974 scribat,
2825 917 2904 962 ex
2929 903 3105 978 parte
3123 896 3386 958 effectus
3407 909 3710 954 necessa-

2129 996 2296 1058 rium
2334 1013 2462 1058 non
2513 997 2610 1058 est
2641 995 2706 1056 id
2737 993 2877 1057 fleri
2914 1010 2994 1054 ex
3027 991 3196 1052 bono
3235 988 3362 1050 fine
3409 1003 3710 1067 proecon-

2131 1095 2312 1169 cepto
2341 1095 2406 1152 et
2431 1089 2695 1161 intento,
2737 1086 2802 1150 id
2839 1093 3052 1148 tamen
3079 1086 3322 1164 spectat
3344 1081 3424 1145 ad
3453 1078 3708 1159 perfec—

2129 1190 2264 1245 tum
2291 1183 2550 1244 modum
2579 1181 2882 1262 operandi
2929 1177 3221 1240 hominis.
3277 1175 3380 1238 Sic
3433 1191 3590 1254 ergo
3632 1173 3706 1231 iu

2129 1277 2447 1357 praesenti,
2491 1276 2640 1338 licet
2677 1272 3085 1355 praedefinitio
3123 1271 3258 1332 haec
3291 1275 3468 1330 actus
3540 1266 3704 1326 iberi

2129 1389 2260 1432 non
2287 1372 2366 1432 sit
2399 1369 2762 1450 simpliciter
2789 1365 3143 1428 necessaria
3181 1382 3262 1424 ex
3298 1367 3474 1442 parte
3503 1378 3542 1420 e
3597 1377 3708 1419 ec-

2129 1471 2250 1542 tus,
2289 1464 2390 1528 vel
2419 1466 2698 1526 ut-Deus
2737 1461 3014 1542 generali
3061 1475 3368 1521 concursu
3411 1456 3476 1516 in
3517 1453 3706 1514 illum

2129 1560 2372 1630 influat,
2415 1563 2620 1638 potest
2655 1573 2792 1618 esse
2831 1555 2930 1616 vel
2969 1551 3348 1623 necessaria,
3386 1549 3486 1610 vel
3508 1546 3706 1610 valde

2130 1651 2512 1715 conveniens
2555 1669 2634 1714 ex
2664 1653 2842 1730 parte
2870 1647 3002 1720 Dei,
3033 1652 3104 1706 ut
3135 1640 3532 1706 convenienti
3561 1659 3708 1701 mo-

2131 1746 2212 1810 do
2245 1745 2570 1826 provideat
2609 1747 2672 1804 et
2711 1739 3090 1822 praeordinet
3119 1757 3194 1800 ea
3229 1753 3370 1816 quoe,
3397 1735 3512 1796 sub
3559 1737 3706 1815 ejus

2130 1841 2516 1901 voluntatem
2541 1843 2603 1900 et
2623 1835 2934 1899 actionem
2955 1832 3207 1895 cadunt.
3235 1829 3412 1896 Unde
3435 1829 3706 1890 tandem

2131 1932 2560 1996 concludimus
2580 1975 2597 2005 ,
2651 1948 2729 1992 ex
2785 1927 2846 1989 vi
2907 1925 3184 2008 praecisos
3237 1921 3706 1984 subordinatio-

2129 2029 2230 2090 nis
2271 2043 2476 2088 causae
2527 2021 2820 2086 secundae
2871 2021 2954 2084 ad
3005 2019 3296 2100 primam,
3345 2015 3426 2078 de
3471 2033 3606 2095 qua
3635 2014 3702 2074 in

2128 2127 2259 2185 toto
2284 2121 2404 2180 hoc
2433 2117 2591 2178 libro
2637 2120 3004 2186 tractamus,
3053 2130 3182 2173 nou
3229 2127 3368 2172 esse
3399 2125 3706 2170 necessa-

2127 2215 2314 2285 rium,
2359 2212 2460 2272 vel
2505 2227 2767 2289 ponere,
2821 2207 2924 2270 vel
2971 2205 3218 2268 auferre
3265 2222 3304 2264 a
3353 2203 3476 2263 Deo
3521 2202 3704 2262 hanc

2127 2305 2688 2390 praedefinitionem
2729 2308 2914 2383 prout
2949 2321 2988 2362 a
3013 2299 3196 2362 nobis
3227 2297 3528 2377 explicata
3559 2303 3702 2364 est;

2127 2403 2398 2480 ideoque
2427 2417 2505 2460 ex
2549 2397 2684 2458 aliis
2729 2395 3048 2476 principiis
3093 2393 3196 2456 vel
3235 2389 3706 2454 conditionibus

2131 2501 2384 2556 actuum
2423 2489 2834 2570 spectandum
2871 2505 3010 2550 esse
3054 2506 3136 2548 an
3167 2487 3338 2548 Deus
3367 2484 3501 2546 illos
3529 2501 3708 2561 prae-

2130 2585 2390 2647 definiat
2431 2580 2726 2663 proedicto
2769 2579 2958 2642 modo
2999 2597 3202 2641 necne
3249 2597 3264 2638 :
3311 2578 3432 2637 hoc
3477 2581 3706 2635 autem

2131 2677 2242 2740 fiet
2264 2697 2300 2738 a
2329 2675 2510 2738 nobis
2535 2675 2602 2734 in
2639 2673 3046 2754 sequentibus
3083 2672 3255 2733 libris
3274 2715 3290 2744 ,
3325 2669 3434 2731 ubi
3459 2668 3540 2729 de
3575 2669 3708 2728 sin-

2131 2771 2296 2850 gulis
2323 2769 2646 2831 ordinibus
2673 2774 2926 2828 actuum
2956 2767 3402 2836 bumanorum,
3443 2765 3640 2842 prout
3667 2781 3708 2821 a

2132 2863 2342 2925 divina
2370 2861 2692 2924 voluntate
2731 2879 2807 2922 ac
2839 2860 3116 2920 motione
3151 2857 3466 2939 pendent,
3501 2855 3709 2918 disse-

2130 2959 2404 3021 rendum
2433 2957 2574 3018 erit.

2211 3051 2545 3134 Responsio
2583 3050 2668 3115 ad
2723 3048 3023 3113 rationem
3071 3047 3236 3110 dubii
3279 3047 3349 3108 in
3393 3045 3708 3131 principio

2124 3145 2413 3230 positam.
2441 3176 2524 3192 —
2548 3143 2644 3206 Ad
2677 3142 3094 3223 objectionem
3120 3159 3273 3221 ergo
3302 3141 3366 3201 in
3393 3140 3707 3221 principio

2133 3241 2352 3320 capitis
2393 3239 2686 3319 positam,
2725 3237 3052 3316 responsio
3097 3240 3343 3297 constat
3369 3252 3447 3295 ex
3489 3232 3701 3306 dictis,

2133 3334 2282 3415 quia
2331 3350 2452 3393 nec
2469 3376 2490 3407 ‚
2529 3331 2733 3411 posita
2785 3326 3306 3409 praedefinifione,
3349 3332 3708 3406 sequuntur

2129 3424 2530 3489 incommoda
2571 3424 2660 3485 ibi
2697 3422 2866 3485 illata
2891 3467 2908 3495 ,
2939 3426 3012 3482 ut
3037 3425 3362 3484 ostensum
3387 3426 3512 3493 est;
3551 3438 3702 3492 nec,

2133 3521 2240 3583 illa
2267 3518 2474 3580 ablata
2501 3520 2794 3597 respectu
2819 3516 3172 3595 aliquorum
3202 3520 3478 3587 actuum,
3497 3514 3708 3592 sequi-

2134 3620 2240 3677 tur
2261 3612 2392 3673 ulla
2421 3609 2811 3691 imperfectio
2859 3610 2924 3670 in
2973 3607 3386 3687 providentia,
3423 3606 3708 3685 quando-

2135 3706 2391 3787 quidem
2419 3722 2497 3767 ex
2527 3710 2698 3765 certa
2721 3703 2980 3765 scientia
3005 3708 3068 3763 et
3087 3701 3408 3763 voluntate
3429 3700 3600 3761 Deus
3625 3698 3708 3761 ad

2137 3800 2348 3862 omnia
2403 3796 2738 3869 concurrit,
2783 3794 2864 3857 ad
2917 3794 3166 3875 sing-ulo.
3207 3794 3390 3874 juxta
3441 3792 3708 3855 modum

2138 3890 2638 3963 convenientem,
2683 3894 2754 3951 ut
2791 3888 2858 3949 in
2901 3888 3028 3949 fine
3078 3886 3400 3969 sequentis
3435 3886 3580 3949 libri
3627 3904 3706 3947 ex

2137 3984 2418 4067 professo
2446 3982 2820 4047 declaratus-i
2848 4000 3087 4044 sumus.

2685 4206 2937 4271 CAPUT
2975 4206 3158 4271 XVII.

2135 4437 2456 4487 ”sommo
2506 4434 2719 4483 ‘tonus
2779 4434 3090 4483 momnis
3157 4435 3223 4482 m
3289 4434 3706 4483 seminemus

2267 4530 2544 4577 'rmum
2581 4528 2693 4575 PER
2729 4528 3064 4577 nonnum-ss
3103 4526 3562 4575 norosmoNES.

2219 4733 2277 4790 1.
2334 4727 2572 4808 Scopas
2627 4727 2924 4792 doctr-im
2978 4725 3164 4806 huj&
3213 4726 3456 4807 capitis.
3495 4758 3578 4774 —
3627 4730 3706 4790 Ut

2134 4822 2328 4884 finem
2383 4820 2670 4883 debitum
2713 4820 2862 4881 huic
2910 4820 3070 4881 libro
3121 4820 3524 4900 imponamus
3547 4864 3564 4893 ,
3627 4838 3704 4881 ex

2137 4914 2430 4976 omnibus
2475 4930 2617 4993 quae
2646 4914 2712 4975 in
2739 4914 2845 4975 illo
2873 4913 3036 4975 dicta
3073 4918 3220 4974 sunt
3245 4912 3702 4992 propositiones

2140 5008 2384 5087 sliquos
2413 5007 2640 5069 elicere
2689 5007 3021 5085 oportebit,
3071 5006 3300 5085 quibus
3345 5010 3410 5067 et
3451 5010 3703 5066 senten-

2139 5102 2290 5163 tium
2327 5104 2606 5161 nostram
2649 5099 2995 5161 distinctius
3024 5100 3429 5179 explicemus,
3461 5104 3526 5159 et
3555 5098 3700 5179 quid

2137 5195 2202 5255 in
2243 5194 2362 5255 huc
2389 5210 2602 5267 causa,
2633 5192 2806 5271 quod
2845 5191 2926 5254 ad
2963 5196 3206 5272 partem
3245 5190 3408 5253 hanc
3459 5192 3696 5263 attinet,

2142 5286 2374 5350 certius
2397 5286 2580 5349 nobis
2607 5286 2688 5348 sit
2707 5330 2725 5361 ,
2770 5284 2937 5349 clare
2977 5304 3054 5349 ac
3085 5284 3358 5349 dilucide
3391 5302 3701 5365 propona-

2139 5398 2304 5442 mus.

2219 5476 2280 5536 2.
2327 5472 2548 5538 Primo
2611 5473 2946 5556 propositio
2999 5497 3025 5535 .·
3104 5473 3396 5540 Voluntas
3419 5471 3704 5553 ..reipsam

2138 5566 2496 5631 determinat
2525 5566 2609 5629 ad
2627 5570 2801 5631 actus
2826 5564 3062 5629 uhu-os.
3083 5596 3166 5612 —
3183 5566 3490 5646 Principio
3515 5565 3704 5646 igitur
