3850 6225
636 472 773 524 GAP.
808 470 912 523 XV.
948 468 1317 521 SOLVUNTUR
1350 466 1771 529 OBJECTIONES,
1808 466 2170 519 PRAESERTm
2207 464 2288 518 Ex
2321 462 2678 527 SCRIPTURA,
2717 458 2850 515 E'rc.

146 576 435 635 luntatem
455 570 679 631 iterum
695 566 1087 629 refundenda
1112 572 1230 640 est,
1252 565 1315 625 id
1332 565 1447 625 erit
1470 582 1689 625 secun-

149 670 283 729 dum
310 666 639 745 gratuitam
666 660 1277 743 praedestinationem
1304 658 1407 719 vel
1434 659 1689 719 electio-

147 777 301 833 nem,
333 775 471 836 quae
496 775 619 817 non
643 755 852 817 media
886 752 1147 833 physica
1175 751 1686 832 praedetermina-

146 854 317 924 tione,
348 850 461 911 sed
479 849 685 911 media
730 866 1008 927 congrua
1036 845 1361 907 vocatione
1394 846 1475 905 ad
1503 846 1688 906 effec-

150 954 267 1007 tum
295 942 672 1022 perducitur,
703 949 771 1002 ut
800 959 963 1019 saepe
994 945 1087 1001 est
1112 938 1471 1013 indicatum,
1516 945 1579 1000 et
1611 956 1689 999 ex

147 1037 403 1120 professo
433 1035 675 1097 dicetur
691 1035 892 1115 capite
913 1032 1231 1111 sequenti.

214 1133 268 1192 8.
309 1130 733 1209 &ponuntur
770 1127 948 1191 verba
988 1126 1223 1189 Pauli:
1264 1124 1413 1197 Quis
1441 1124 1609 1186 enim
1628 1129 1691 1185 te

147 1222 451 1285 discernit?
470 1252 555 1266 -—
594 1221 691 1282 Ad
718 1224 1020 1299 quartum
1044 1218 1505 1279 testimonium:
1540 1215 1691 1291 Quis

146 1316 284 1379 enim
309 1322 365 1379 te
387 1314 719 1377 discernit?
740 1310 1032 1374 nonnulli
1054 1310 1251 1372 Graeci
1279 1310 1467 1391 longe
1492 1310 1692 1371 diver-

150 1429 209 1470 so
242 1406 417 1468 modo
447 1406 671 1486 legunt
698 1410 759 1466 et
786 1404 1144 1485 intelligunt
1172 1403 1277 1464 illa
1318 1404 1533 1465 verba.
1572 1405 1694 1463 Re·

150 1498 455 1579 prehendit
500 1500 673 1561 enim
716 1497 1051 1577 Apostolus
1104 1496 1443 1557 nonnullos
1484 1495 1696 1556 Corin-

144 1596 304 1665 thios,
337 1595 441 1671 qni
470 1592 639 1654 inter
664 1592 979 1653 ministros
1011 1588 1333 1670 Evangelii
1382 1588 1695 1668 dijudIca-

144 1688 295 1759 bant,
326 1694 384 1747 et
424 1686 739 1765 quosdam
782 1682 1291 1756 contemnebant,
1338 1689 1400 1744 et
1426 1682 1547 1742 hoc
1574 1688 1690 1754 est,

146 1778 292 1859 quod
314 1780 395 1840 ait
424 1778 551 1839 illis
579 1778 817 1865 verbis:
852 1777 952 1842 Ne
976 1793 1169 1858 supra
1188 1794 1370 1857 quam
1396 1775 1693 1855 saem'ptum

146 1880 237 1949 est,
268 1892 420 1935 unus
452 1875 747 1936 adversus
788 1872 1051 1936 alterum
1099 1872 1355 1951 infletur
1378 1885 1493 1948 pro
1526 1868 1647 1933 alio
1669 1912 1690 1943 ,

148 1966 371 2041 scilicet,
419 1966 604 2026 illum
656 1972 1088 2040 contemnens,
1150 1971 1211 2025 et
1262 1963 1539 2043 seipsum
1593 1962 1691 2022 vel

149 2062 313 2121 alium
360 2058 447 2120 illi
502 2058 888 2137 praeferen83
945 2066 1008 2121 et
1053 2058 1280 2121 deinde
1331 2056 1685 2136 subjungit:

150 2153 277 2227 Quis
300 2154 453 2214 enim
494 2156 559 2214 te
585 2150 875 2215 discor-nit
892 2153 921 2212 ,2
958 2152 1024 2214 id
1060 2158 1178 2226 est,
1215 2152 1355 2231 quis
1374 2156 1435 2211 te
1462 2149 1691 2231 dijudi-

147 2251 247 2319 cat,
276 2252 377 2306 aut
404 2242 579 2305 unde
620 2248 683 2305 te
722 2245 949 2325 majori
974 2244 1161 2307 laude
1191 2250 1299 2305 aut
1327 2243 1565 2303 honore
1600 2242 1690 2303 di-

146 2358 309 2417 gnum
357 2356 603 2411 censeS,
638 2356 783 2399 cum
814 2338 1007 2399 fallax
1037 2338 1113 2399 sit
1154 2339 1507 2399 humanum
1522 2335 1691 2415 judi-

147 2432 319 2492 cium?
341 2432 507 2493 Sicut
526 2431 721 2511 paulo
752 2438 937 2492 antea
964 2432 1243 2493 dixerat:
1296 2431 1463 2493 Mihi
1490 2435 1689 2493 autem

140 2544 235 2605 pro
258 2526 495 2587 minimo
525 2530 645 2597 est,
678 2530 751 2587 ut
790 2545 829 2588 a
849 2525 1014 2587 vobis
1045 2526 1314 2605 judicer,
1341 2529 1453 2588 aut
1477 2524 1549 2585 ab
1587 2524 1692 2585 ku-

148 2638 297 2681 mano
317 2620 405 2681 die
418 2643 445 2691 ;
468 2619 577 2682 sed
596 2634 781 2699 nequo
806 2618 1104 2700 meipsum
1119 2619 1333 2698 judico
1344 2642 1369 2689 ,·
1394 2616 1551 2678 nihil
1577 2617 1695 2679 mi-

150 2711 465 2775 nicomatus
484 2730 650 2785 sum,
664 2712 771 2776 sed
786 2730 904 2775 non
918 2714 987 2773 in
1018 2712 1518 2792 Itoojustifioatus
1532 2729 1687 2773 sum.

156 2804 254 2879 Qui
284 2807 431 2869 etim
446 2806 709 2885 judicat
744 2824 856 2879 me,
884 2806 1183 2868 Dominus
1210 2812 1320 2870 est.
1366 2806 1583 2884 Itaque
1628 2804 1691 2865 in

156 2900 252 2957 hoc
284 2917 490 2971 sensu,
536 2899 609 2959 in
636 2898 844 2958 verbis
889 2898 1011 2959 illis
1056 2916 1185 2958 non
1236 2904 1333 2959 est
1358 2915 1565 2959 sermo
1612 2897 1689 2958 de

156 3009 316 3052 causa
335 3008 471 3071 quae
494 2993 563 3053 in
596 3009 667 3051 re
685 2990 873 3053 efficit
900 3010 1099 3052 unum
1128 2990 1505 3053 sanctiorem
1540 2990 1685 3063 alio,

156 3083 246 3144 sed
266 3084 336 3146 de
360 3104 431 3146 eo
461 3084 545 3146 ad
564 3102 759 3164 quem
788 3084 1062 3165 pertinet
1087 3084 1397 3165 judicium
1422 3084 1587 3146 ferre
1607 3083 1686 3145 de

153 3178 251 3239 hac
274 3179 593 3240 hominum
625 3178 1004 3262 diversitate.
1067 3179 1222 3251 Quia
1265 3197 1414 3241 vero
1445 3177 1689 3240 etiamsi

156 3269 333 3332 detali
354 3271 714 3334 diversitate
742 3277 1081 3345 constaret,
1112 3290 1241 3332 non
1265 3278 1471 3352 potest
1497 3271 1688 3333 habe-

150 3382 205 3424 re
228 3364 398 3426 homo
426 3366 605 3427 unde
635 3365 939 3445 glorietur
962 3384 1037 3426 cx
1058 3384 1151 3439 se,
1194 3365 1405 3426 subdit
1424 3369 1690 3445 Aposto-

150 3455 259 3516 lus:
294 3457 447 3532 Quid
470 3463 679 3522 autem
713 3457 889 3521 habes
918 3459 1076 3539 quod
1098 3475 1218 3519 non.
1244 3459 1577 3540 accepisti?
1596 3459 1687 3519 Ita

156 3552 371 3628 exponit
392 3551 900 3631 chrysostomus,
934 3551 1107 3611 hom.
1138 3551 1236 3628 12,
1274 3568 1465 3630 quem
1486 3551 1691 3612 Theo-

158 3643 453 3720 phylactus
480 3646 786 3706 imitatur.

220 3737 272 3797 9.
302 3737 611 3811 Secund0,
632 3739 1013 3800 admittimus
1028 3741 1346 3819 receptam
1366 3738 1693 3818 expositio-

159 3846 282 3888 nem
296 3831 365 3891 D.
396 3831 754 3914 Augustini,
787 3835 851 3894 D.
877 3835 1133 3894 Thomae
1164 3837 1227 3893 et
1253 3831 1542 3906 aliorum,
1574 3833 1693 3893 sci-

158 3918 297 3994 licet,
331 3925 696 4004 Apostolum
741 3925 914 4006 loqui
949 3926 1028 3988 de
1064 3943 1257 3986 causa
1301 3925 1690 3987 discretionis

160 4019 211 4072 et
232 4015 577 4080 differentiae
611 4018 773 4080 inter
796 4022 1084 4080 sanctum
1125 4023 1187 4080 et
1216 4036 1343 4080 non
1372 4021 1683 4092 sanctum,

162 4109 213 4164 et
234 4109 593 4172 sanctiorem
634 4129 709 4172 ac
736 4112 945 4173 minus
973 4114 1289 4184 sanctum,
1328 4115 1390 4171 et
1430 4109 1588 4172 velle
1624 4111 1690 4172 in

160 4198 331 4261 Deum
350 4221 481 4265 esse
509 4205 933 4266 referendam.
964 4204 1035 4267 Id
1056 4209 1267 4265 autem
1296 4204 1543 4265 duobus
1560 4222 1692 4265 mo-

163 4289 241 4352 dis
262 4292 385 4356 fieri
412 4303 471 4359 et
493 4297 759 4378 intelligi
784 4301 1011 4378 potest.
1036 4299 1173 4361 Uno
1202 4297 1415 4372 modo,
1439 4303 1509 4358 ut
1529 4297 1691 4359 refe-

162 4390 308 4446 ratur
327 4388 387 4447 in
405 4391 603 4450 Deum
622 4390 825 4452 solum
846 4413 863 4466 3
897 4389 1021 4452 alio
1050 4390 1264 4464 modo,
1288 4396 1357 4450 ut
1382 4389 1692 4452 referatur

164 4475 216 4535 in
238 4477 440 4553 Deum,
498 4487 565 4544 ut
610 4483 677 4544 in
723 4483 1133 4562 principalem
1180 4489 1519 4556 auctorem,
1561 4501 1690 4544 non

164 4573 345 4632 tamen
380 4576 603 4636 solum.
645 4577 839 4638 Priori
870 4575 1059 4638 modo
1103 4582 1199 4637 est
1240 4574 1305 4636 id
1334 4593 1553 4636 verum
1592 4595 1692 4637 se-

167 4667 405 4729 cundum
424 4671 708 4734 ordinem
737 4671 1121 4744 intentionis,
1154 4689 1268 4732 seu
1288 4671 1689 4749 praedestina-

170 4758 321 4822 tionis
346 4762 585 4840 divium,
610 4784 739 4827 non
767 4771 977 4826 tamen
1001 4763 1349 4824 secundum
1378 4763 1687 4824 executio-

170 4867 309 4914 nem.
336 4857 507 4928 Quod
536 4859 702 4920 enim
744 4858 828 4918 ita
858 4859 1026 4918 Deus
1055 4857 1217 4917 inter
1256 4855 1417 4917 duos
1455 4855 1688 4917 discre-

172 4947 320 5019 verit,
357 4954 423 5009 ut
448 4951 611 5010 hunc
656 4948 936 5029 elegerit,
976 4956 1036 5011 et
1064 4967 1194 5010 non
1219 4949 1414 5022 illum,
1456 4953 1517 5009 et
1543 4949 1686 5009 huic

172 5043 575 5116 praeparaverit
628 5061 971 5122 congruam
1010 5042 1422 5116 vocationem,
1452 5048 1516 5104 et
1558 5059 1687 5102 non

172 5127 261 5200 illi,
290 5131 463 5221 solius
486 5134 703 5196 divinae
731 5136 1063 5197 voluntatis
1082 5135 1217 5196 fuit.
1250 5134 1426 5206 Quod
1445 5153 1593 5196 vero
1624 5135 1687 5194 in

172 5235 229 5279 rc
262 5223 365 5285 iste
401 5234 763 5307 assequatur
800 5230 1083 5308 gloriam,
1142 5234 1203 5290 et
1246 5227 1685 5302 sanctificetur,

177 5318 226 5371 ct
252 5333 363 5376 non
386 5318 483 5380 ille
500 5366 513 5391 ,
546 5321 643 5381 vel
670 5321 872 5402 magis
894 5321 1315 5382 sanctificetur
1338 5337 1528 5400 quam
1550 5321 1651 5382 ille
1668 5367 1684 5394 ,

176 5419 281 5465 non
310 5415 395 5469 est
415 5412 579 5472 solus
604 5414 935 5476 voluntatis
961 5414 1208 5488 divinae,
1237 5413 1349 5475 sed
1377 5414 1565 5475 etiam
1596 5420 1691 5476 est

177 5497 468 5599 veluntatis
508 5509 569 5565 et
595 5508 1048 5586 cooperationis
1090 5509 1409 5580 humanae,
1437 5513 1506 5570 ut
1530 5509 1691 5570 Con-

178 5589 355 5652 cilium
378 5595 794 5660 'tridentinum
822 5599 993 5675 dixit,
1024 5600 1152 5663 imo
1180 5604 1245 5662 et
1272 5601 1517 5676 Paulus,
1544 5603 1584 5662 2
1608 5601 1689 5663 ad

3213 442 3332 511 233

1767 564 1924 625 Tim.
1959 567 2020 637 Ξ,
2045 564 2294 625 dicens:
2325 561 2562 642 Siquis
2589 556 3000 622 emundaverit
3021 574 3083 619 se
3111 556 3182 617 ab
3211 544 3330 628 liis,

1768 658 1887 723 erit
1904 676 2016 721 vas
2052 657 2118 719 in
2144 660 2420 720 honorem
2440 654 2914 731 sanctificatum.
2945 650 3122 723 Quod
3155 654 3332 710 nota-

1767 752 1852 812 vit
1883 753 2332 824 DamascenuS,
2366 750 2475 810 lib.
2497 752 2537 810 4
2567 748 2644 808 de
2665 745 2838 820 Fide,
2875 764 2929 805 c.
2963 745 3062 805 24.
3089 745 3330 822 Itaque,

1769 845 1940 923 quod
1964 845 2128 906 Deus
2154 844 2240 904 ita
2263 848 2442 904 vocet
2469 840 2814 911 hominem,
2849 838 2988 899 etei
3011 835 3335 917 provideat

1769 944 1958 1019 prout
1985 937 2236 1017 expedit
2284 942 2353 997 ut
2396 934 2671 996 sanctior
2699 932 2830 1005 fiat,
2872 930 3063 993 solius
3101 935 3196 991 est
3223 928 3336 989 be·-
3446 958 3452 964 ·

1772 1034 2146 1095 nevolentioe
2183 1032 2431 1107 divinae,
2465 1035 2526 1091 et
2552 1030 2672 1090 hoc
2691 1026 2879 1089 modo
2899 1025 3005 1087 Dei
3029 1026 3219 1085 solius
3243 1027 3337 1085 est

1756 1126 2155 1201 discernere.
2207 1126 2444 1185 Tamen
2476 1124 2541 1184 in
2568 1122 2704 1201 ipso
2752 1140 2894 1193 usu,
2953 1125 3017 1180 et
3047 1116 3336 1179 exercitio

1772 1221 1961 1280 homo
1989 1236 2117 1279 non
2133 1218 2204 1279 fit
2232 1217 2526 1289 sanctior,
2553 1215 2674 1275 nisi
2703 1214 2898 1274 libero
2927 1230 3046 1272 usu
3075 1228 3202 1272 suae
3229 1227 3338 1269 vo-

1773 1314 2052 1375 luntatis.
2099 1314 2189 1374 Ne
2215 1330 2368 1373 vero
2393 1310 2540 1371 hinc
2592 1308 2812 1389 aliquis
2855 1323 3104 1367 sumere
3143 1303 3338 1385 possit

1774 1406 2082 1488 superbiae
2134 1408 2554 1478 occasionem,
2605 1400 2816 1466 subdit
2861 1402 3122 1464 Paulus:
3180 1399 3344 1473 Quid

1776 1506 1976 1565 autem
2017 1502 2191 1565 habes
2218 1500 2374 1582 quod
2417 1518 2537 1563 non
2561 1493 2893 1581 accepisti?

1858 1594 2015 1655 Huic
2059 1600 2273 1655 autem
2314 1592 2560 1655 veritati
2587 1609 2716 1652 non
2749 1590 2974 1663 obstat,
3015 1593 3085 1649 ut
3121 1602 3334 1666 supra,

1776 1708 1830 1749 c.
1864 1690 1927 1763 9,
1981 1706 2057 1749 cx
2088 1688 2434 1767 Augustino
2463 1685 2672 1759 retuli,
2703 1683 2872 1763 quod
2911 1683 3099 1743 homo
3127 1699 3242 1741 sua
3269 1679 3339 1741 li-

1774 1784 1930 1845 bera
1990 1781 2510 1844 determinatione
2570 1780 2690 1839 hoc
2743 1778 2980 1838 bonum
3026 1774 3289 1854 accipiat
3319 1791 3335 1845 3

1775 1878 1921 1957 quia
1969 1878 2134 1938 hanc
2187 1877 2392 1956 ipsam
2438 1874 2698 1936 liberam
2753 1869 3337 1932 determinationem

1773 1970 1908 2031 sine
1944 1970 2075 2031 Deo
2109 1967 2450 2049 inspirante
2486 1971 2550 2029 et
2582 1965 2920 2046 adJ’uvante
2948 1961 3184 2023 habere
3209 1979 3337 2022 non

1773 2068 2007 2143 potest3
2039 2062 2205 2124 unde
2236 2062 2426 2123 totius
2447 2059 2614 2122 illius
2635 2057 2785 2119 boni
2809 2051 3169 2137 principalis
3195 2072 3338 2114 auc·

1774 2164 1871 2219 tor
1900 2162 1996 2218 est
2021 2158 2210 2218 Deus.
2238 2158 2329 2217 Ita
2351 2155 2483 2215 fere
2506 2151 2890 2233 Augustinus
2925 2150 3126 2211 citatis
3155 2141 3332 2221 lociS,

1771 2250 2116 2330 praesertim
2163 2248 2270 2309 lib.
2313 2250 2392 2311 83
2432 2246 2767 2320 Quoestion.
2793 2290 2808 2317 ,
2843 2248 3061 2323 quaest.
3106 2244 3186 2304 68
3201 2288 3223 2318 ,
3275 2248 3337 2303 et

1768 2344 1876 2406 lib.
1924 2346 1965 2405 2
1997 2344 2075 2405 de
2115 2345 2301 2423 Nupt.
2350 2346 2414 2404 et
2455 2340 2946 2419 concupiscent„
2979 2335 3182 2417 capite
3223 2336 3333 2397 de·-

1771 2438 1936 2499 cimo
1965 2444 2164 2510 sexto,
2189 2442 2250 2498 et
2281 2434 2708 2515 sequentibus.
2736 2435 2832 2493 An
2855 2449 3026 2504 vero,
3061 2430 3161 2491 vel
3183 2446 3334 2508 quo-

1772 2531 1962 2593 modo
1989 2532 2186 2611 possit
2211 2531 2400 2590 homo
2433 2529 2512 2590 de
2564 2528 2684 2589 hoc
2715 2546 2834 2587 usu
2875 2544 3005 2587 suae
3029 2523 3334 2586 libertatis

1775 2625 2050 2705 gloriari,
2087 2624 2368 2684 dicemus
2399 2623 2599 2701 capite
2627 2621 2872 2682 decimo
2907 2618 3194 2697 septimo,
3227 2616 3332 2676 ubi

1776 2720 1896 2781 alia
1936 2716 2294 2780 testimonia
2324 2715 2656 2795 Augustini
2684 2716 2751 2774 in
2794 2714 2980 2792 hujus
3009 2711 3334 2792 expositio·

1773 2811 1871 2871 nis
1900 2810 2440 2871 confirmationem
2463 2808 2820 2869 afferemus.

1852 2906 2029 2965 Nunc
2055 2902 2260 2965 solum
2285 2902 2449 2963 addo
2487 2900 2681 2980 (quod
2709 2900 2774 2960 in
2802 2898 2938 2959 aliis
2965 2894 3336 2959 testimoniis

1770 2997 2116 3075 annotavi),
2157 2996 2210 3057 si
2249 2996 2440 3057 verba
2466 2995 2574 3056 illa
2612 3012 2626 3054 :
2666 2991 2816 3068 Quis
2851 2992 3010 3055 enim
3037 2996 3094 3053 te
3118 2989 3336 3053 discer-

1770 3088 1903 3154 nit?
1954 3089 2117 3152 dicta
2161 3093 2371 3151 essent
2413 3087 2562 3169 quia
2609 3088 2802 3160 Deus,
2847 3103 2961 3165 per
3009 3083 3335 3164 physicam

1770 3183 2510 3264 praedeterminationem,
2557 3182 2726 3242 hunc
2753 3186 2964 3241 movet
3003 3177 3084 3238 ad
3127 3183 3335 3238 actum

1770 3275 2314 3356 supernaturalem
2340 3282 2403 3336 et
2422 3294 2550 3336 non
2573 3275 2790 3348 alium,
2815 3273 3040 3334 eadem
3065 3271 3330 3344 ratione,

1766 3369 1833 3430 in
1864 3387 2262 3448 quocumque
2290 3370 2456 3430 bono
2483 3373 2624 3429 actu
2649 3367 2893 3439 morali,
2920 3383 3098 3444 aeque
3123 3364 3336 3425 dicen-

1772 3463 1925 3524 dum
1973 3481 2136 3536 esse,
2171 3461 2373 3524 solum
2427 3463 2629 3524 Deum
2663 3460 3024 3522 discernere
3069 3475 3336 3537 operan-

1770 3562 1899 3617 tem
1931 3575 1967 3616 a
1995 3574 2122 3617 non
2156 3561 2487 3635 operante;
2527 3556 2654 3616 imo
2697 3559 2758 3615 et
2786 3554 2852 3615 in
2877 3551 3060 3614 malis
3094 3550 3335 3611 actibus

1770 3648 1942 3710 idem
2003 3653 2166 3709 esset
2219 3647 2578 3722 dicendum,
2633 3647 2684 3708 si
2727 3650 3188 3725 consequenter
3242 3642 3334 3703 lo-

1774 3743 2094 3822 quendum
2148 3748 2333 3804 esset.
2394 3746 2596 3824 Atque
2635 3743 2720 3804 ita
2763 3741 2918 3801 nihil
2954 3737 3226 3820 speciale
3261 3755 3334 3796 ac

1773 3835 2096 3916 proprium
2127 3855 2204 3896 ex
2238 3836 2335 3896 his
2362 3835 2736 3897 testimoniis
2760 3833 3158 3905 haberemuS,
3208 3848 3333 3909 quo

1770 3929 2066 4008 specialia
2111 3948 2184 3990 ac
2213 3930 2462 4008 propria
2493 3927 2708 4004 gratioe
2740 3927 2906 3988 dona
2938 3925 3334 3986 confirmare-

1770 4041 1936 4097 muS,
1961 4023 2130 4102 quod
2169 4040 2360 4101 quam
2395 4023 2472 4083 sit
2496 4021 2840 4084 absurdum
2874 4020 3022 4080 satis
3053 4036 3128 4080 ex
3156 4016 3335 4077 dictis

1772 4121 2036 4178 constat.
2071 4117 2207 4178 Non
2250 4121 2345 4177 est
2382 4115 2569 4196 igitur
2608 4131 2814 4176 sermo
2843 4113 3017 4174 Pauli
3060 4111 3138 4172 de
3179 4111 3336 4193 phy·

1773 4209 1899 4268 sica
1924 4209 2351 4288 praemotione‚
2379 4207 2495 4269 sed
2534 4208 2613 4269 de
2644 4205 2898 4286 speciali
2919 4203 3148 4266 auxilio
3177 4221 3336 4283 proe-

1771 4302 2103 4376 veniente,
2140 4321 2264 4383 quo
2308 4304 2512 4376 Deus,
2556 4319 2670 4381 per
2713 4299 3107 4361 vocationem
3153 4315 3334 4360 suam

1772 4396 2118 4474 praesertim
2166 4396 2502 4470 efficacem,
2555 4396 2864 4473 praeparat
2915 4390 3184 4451 hominis
3225 4408 3336 4450 vo-

1771 4487 2079 4550 luntatem
2123 4493 2192 4549 ut
2244 4487 2458 4548 credat
2477 4533 2493 4560 ,
2533 4486 2963 4566 poenitentiam
3005 4487 3184 4563 agat,
3232 4482 3335 4544 vel

1773 4581 1894 4641 alio
1924 4581 2112 4642 modo
2144 4579 2704 4660 supernaturaliter
2731 4585 3042 4658 operetur.
3074 4575 3332 4638 Ratione

1770 4674 1952 4753 cujus
1980 4675 2318 4737 vocationis
2352 4675 2462 4752 (ut
2503 4673 2886 4752 Augustinus
2916 4671 3092 4745 dixit,
3116 4669 3222 4730 lib.
3255 4670 3335 4730 83

1770 4767 2212 4840 Quaestionum,
2242 4773 2461 4847 quaest.
2491 4767 2603 4846 68)
2631 4786 2644 4827 :
2673 4765 2766 4830 Et
2789 4766 2850 4829 si
2871 4766 3190 4848 quisquam
3217 4761 3336 4825 sibi

1768 4859 2002 4924 tribuat
2027 4861 2186 4940 quod
2217 4861 2383 4924 venit
2403 4865 2673 4937 vocatus,
2703 4878 2820 4922 non
2841 4863 3040 4939 potest
3075 4857 3194 4920 sibi
3223 4857 3338 4918 tri-

1768 4953 1939 5016 bum
1994 4955 2154 5034 quod
2201 4957 2446 5018 vocatus
2493 4951 2584 5016 sit
2599 4979 2626 5026 ,·
2692 4953 2798 5034 qui
2846 4956 3046 5016 autem
3090 4955 3334 5014 vocatus

1768 5063 1885 5106 non
1914 5044 2076 5108 venit
2095 5093 2113 5120 ,
2157 5047 2318 5110 sicut
2358 5065 2478 5109 non
2521 5046 2731 5110 habuit
2768 5045 3051 5107 mentum
3089 5043 3337 5123 proemii

1767 5141 1839 5199 ut
1874 5144 2210 5212 vocaretur,
2256 5139 2345 5202 sic
2397 5140 2641 5203 inchoat
2673 5137 2956 5202 mmmm
3015 5135 3326 5218 supplicii,

1771 5249 1907 5294 oum
1931 5237 2177 5295 vocatus
2205 5232 2406 5294 venire
2439 5233 2790 5315 wylemow-it.

1852 5325 1949 5384 10.
1995 5325 2417 5405 Exponuntm·
2442 5325 2556 5388 illa
2605 5325 2783 5388 verba
2813 5350 2836 5385 .·
2865 5322 3180 5403 Compelle
3224 5340 3334 5384 eos

1768 5416 2025 5477 intrare.
2045 5417 2236 5478 —Ad
2264 5418 2555 5479 ultimum
2583 5418 3028 5490 testimonium,
3077 5415 3333 5497 quidam

1768 5507 2476 5588 interpretanturverba
2501 5511 2607 5572 illa
2648 5529 2662 5570 ε
2696 5509 2988 5593 Compelle
3010 5529 3106 5574 eos
3139 5511 3334 5574 intra-

1767 5620 1854 5676 re,
1912 5603 1990 5664 de
2026 5597 2300 5692 propria:
2332 5608 2397 5666 et
2447 5611 2706 5666 externa
2759 5605 3335 5698 compulsione;·et
