3850 6225
723 423 859 475 mr.
893 421 999 477 vn.
1035 423 1120 475 AN
1152 421 1583 476 rnaenssrmlu
1614 418 1773 476 DEUS
1805 417 2010 474 OMNES
2040 417 2240 488 Actus
2270 419 2573 482 uenatus,
2609 419 2746 473 me.

118 524 231 590 cet,
264 519 483 580 omnia
505 519 763 582 tandem
781 522 1141 586 redundant
1159 525 1227 585 in
1253 524 1527 587 divinam
1554 523 1683 604 glo·

116 611 289 686 riam,
314 619 379 672 et
411 613 475 673 in
503 615 797 676 omnibus
822 617 1131 696 sapientia
1158 618 1295 698 ejus
1322 617 1682 678 manifesta-

112 711 223 763 tur.
262 705 340 764 Et
372 707 493 766 hoc
532 708 827 786 estquod
864 709 985 770 diei
1026 711 1183 772 solet
1220 712 1301 772 ab
1336 710 1681 792 Augustino

114 805 171 857 et
196 798 268 856 D.
302 798 571 872 Thomu,
598 801 755 862 nihil
779 820 917 864 esse
946 804 1117 883 quod
1150 804 1436 865 ordinem
1459 803 1683 866 divinae

112 889 449 952 voluntatis
483 899 543 954 et
572 894 978 972 providentiae
1026 897 1471 978 subterfugiam
1508 897 1679 976 quia,

112 982 275 1062 quod
306 1001 439 1044 una
460 985 562 1046 via
586 986 668 1047 ab
694 1005 771 1048 eo
796 989 1057 1065 recedit,
1093 990 1216 1051 alia
1241 991 1307 1052 in
1336 1009 1483 1052 eum
1500 990 1683 1052 redu·

111 1077 182 1145 ci,
206 1083 269 1137 et
296 1078 603 1140 accedere
638 1099 903 1143 necesse
932 1089 1047 1144 est.
1084 1085 1159 1145 Et
1186 1084 1331 1146 ideo
1360 1103 1568 1164 neque
1600 1085 1681 1146 ad

112 1169 279 1232 illum
306 1169 505 1232 finem
550 1174 977 1238 universalem
1008 1195 1271 1257 operum
1306 1179 1421 1240 Dei
1458 1197 1681 1240 neccs-

112 1263 265 1323 saria
304 1271 403 1325 est
430 1265 769 1344 praefinitio
798 1270 1081 1331 omnium
1119 1272 1436 1332 actionum
1460 1272 1681 1334 huma·

110 1375 365 1432 narum,
426 1359 621 1420 etiam
670 1379 889 1423 earum
942 1381 1082 1444 quae
1130 1365 1312 1427 bonoe
1358 1366 1680 1428 moraliter

112 1455 267 1510 sunt.

184 1544 279 1603 10.
330 1545 654 1607 Hactenus
694 1547 898 1608 solum
937 1567 976 1609 a
1004 1550 1185 1612 nobis
1212 1553 1542 1631 probatum
1583 1558 1679 1616 est

112 1636 593 1715 praefinitionem
632 1640 795 1702 hanc
836 1641 1141 1704 bonarum
1184 1645 1523 1720 actionum,
1556 1665 1676 1708 nec

112 1748 463 1808 repugnare
500 1732 885 1812 simpliciter,
918 1753 1037 1796 nec
1062 1739 1485 1800 necessariam
1512 1757 1671 1801 esse.
1700 1755 1709 1760 ·

113 1825 235 1884 Non
279 1823 541 1900 quidem
586 1844 967 1906 repugnare,
1015 1829 1185 1907 quia,
1228 1849 1371 1892 cum
1416 1833 1513 1892 hae
1554 1833 1678 1894 sint

116 1915 385 1976 actiones
410 1917 713 1992 bonestae,
747 1927 1011 1998 possunt
1045 1940 1082 1982 a
1112 1923 1241 1983 Deo
1264 1925 1462 1985 amari
1492 1929 1677 2005 prout

122 2011 232 2087 ipse
270 2009 581 2084 voluerit3
622 2016 705 2085 et,
736 2031 883 2073 cum
924 2013 1161 2093 alioqui
1184 2018 1319 2079 haec
1346 2019 1675 2097 praefinitio

120 2122 271 2164 mere
316 2105 687 2168 immanens
732 2126 862 2169 non
914 2110 1089 2171 tollat
1127 2111 1501 2188 libertatem,
1546 2133 1675 2176 non

122 2203 199 2257 est
226 2198 398 2258 unde
426 2207 764 2280 repugnet.
811 2203 944 2264 Non
976 2209 1186 2266 autem
1216 2223 1355 2268 esse
1384 2226 1676 2270 necessa-

121 2290 276 2363 riam,
304 2291 459 2369 quia
480 2293 621 2354 talis
642 2299 818 2354 actus
841 2296 1204 2376 simpliciter
1224 2305 1319 2361 est
1332 2299 1491 2362 liber
1504 2304 1666 2374 Deo;

120 2383 265 2444 unde
302 2391 517 2463 potest
545 2403 673 2446 non
709 2387 946 2449 habere
996 2391 1169 2450 illum
1198 2410 1311 2471 pro
1358 2413 1473 2455 sno
1508 2395 1673 2455 arbi-

118 2479 249 2550 trio;
292 2485 363 2540 et
416 2479 649 2560 alioqui
694 2501 773 2542 ex
829 2483 1003 2544 nulla
1072 2485 1193 2546 alia
1246 2489 1673 2567 suppositione

120 2578 213 2631 aut
232 2571 445 2634 divina
466 2576 851 2654 perfectione
890 2585 985 2640 est
1011 2581 1423 2656 necessariae,
1452 2587 1523 2643 ut
1548 2583 1671 2646 late

121 2664 489 2728 declaratum
514 2673 629 2729 est.

129 2865 587 2944 Quoestiunotda,
620 2889 703 2934 an
722 2889 923 2936 omnes
965 2873 1101 2936 boni
1122 2880 1294 2940 actus
1321 2878 1453 2942 sint
1480 2896 1519 2941 a
1550 2881 1672 2942 Deo

722 2967 1023 3047 proefiniti
1036 2967 1066 3026 ,ἲ

192 3136 281 3195 Η.
326 3133 549 3199 Prima
594 3140 925 3219 responsio.
966 3172 1049 3187 —
1078 3142 1299 3203 Adhuc
1326 3149 1537 3207 tamen
1566 3147 1670 3208 de-

128 3226 451 3289 finiendum
498 3238 805 3308 superest,
836 3232 987 3311 quid
1013 3233 1091 3294 de
1132 3234 1297 3297 facto
1334 3237 1669 3301 dicendum

130 3321 467 3397 simpliciter
490 3323 590 3396 sit,
625 3342 706 3384 an
733 3325 963 3386 habeat
988 3326 1157 3389 Deus
1186 3330 1669 3407 praefinitionem

133 3414 384 3475 omnium
412 3414 629 3476 talium
659 3423 934 3490 actuum,
960 3438 1187 3483 necne.
1215 3423 1346 3483 Dici
1376 3442 1525 3502 ergo
1558 3424 1669 3485 im-

134 3505 343 3581 primiS,
372 3524 491 3569 nec
518 3508 789 3585 indocte,
824 3518 1051 3592 potest,
1084 3514 1238 3575 nihil
1264 3534 1449 3596 posse
1484 3536 1525 3577 a
1559 3536 1667 3579 no-

134 3597 209 3657 bis
236 3608 393 3659 certa
422 3602 663 3662 ratione
692 3602 963 3679 definiri,
998 3608 1143 3687 quia
1172 3606 1293 3669 hoc
1332 3609 1565 3688 pendet
1591 3628 1669 3673 ex

132 3690 387 3753 libertate
412 3694 549 3767 Dei,
586 3700 647 3756 et
674 3716 803 3758 non
833 3706 1079 3761 constat
1128 3702 1311 3763 nobis
1340 3702 1489 3781 quid
1532 3705 1665 3783 ipse

134 3804 231 3845 sua
258 3786 537 3850 libertate
566 3790 945 3865 decreverim
986 3795 1132 3874 quia
1162 3814 1277 3857 nec
1314 3798 1664 3859 revelatum

135 3879 185 3937 in
210 3880 319 3939 hoc
348 3880 585 3961 aliquid
613 3890 729 3957 est,
760 3904 903 3947 cum
944 3887 1005 3947 in
1038 3888 1354 3969 Scriptura
1378 3890 1531 3950 nihil
1554 3892 1663 3951 ha·

134 3971 343 4045 beatur,
360 3980 429 4035 ut
450 3994 525 4037 ex
538 3976 719 4038 dictis
739 3986 1027 4041 constare
1048 3988 1273 4059 potest,
1292 3983 1489 4045 necin
1514 3983 1661 4045 defi·

136 4064 337 4127 uitione
358 4068 673 4144 Ecclesiae,
705 4078 813 4132 aut
840 4078 1007 4133 certa
1030 4076 1283 4135 Patrum
1306 4076 1660 4139 traditione.

138 4158 317 4236 Neque
353 4160 542 4222 etiam
569 4180 649 4223 ex
680 4162 1004 4227 effectibus
1055 4166 1207 4244 ipsis
1252 4168 1489 4247 aliquid
1536 4189 1667 4231 cer·

140 4254 245 4309 tum
266 4251 463 4332 colligi
500 4259 729 4333 potest,
760 4275 909 4318 nam
951 4260 1121 4337 quod
1160 4260 1257 4321 hae
1294 4261 1567 4324 actiones
1596 4282 1666 4325 re

138 4344 246 4421 ipsa
278 4345 447 4420 fiant,
474 4354 537 4409 et
562 4349 731 4411 Deus
757 4349 821 4411 in
846 4351 985 4413 illas
1014 4352 1255 4427 influat,
1290 4354 1413 4415 imo
1440 4362 1500 4416 et
1531 4356 1669 4417 illas

138 4438 257 4497 velit
288 4444 347 4497 et
384 4439 691 4513 intendat,
738 4462 867 4503 non
916 4451 1013 4506 est
1058 4446 1307 4527 signum
1352 4448 1667 4511 sufficiens

140 4529 525 4609 praefinitionis
573 4534 875 4598 absolutae
896 4584 912 4611 ,
957 4543 1026 4599 ut
1081 4539 1229 4601 satis
1280 4540 1667 4604 declaratum

145 4634 235 4689 est.

1100 4674 1119 4713 ι

207 4723 463 4789 Secunda
486 4730 545 4788 et
558 4724 930 4807 probabilior
951 4729 1283 4809 responsio.
1324 4758 1407 4775 ·-
1430 4730 1667 4812 Royula

145 4814 592 4892 adjicdicondwm
618 4836 753 4899 quoe
786 4818 949 4881 bona·
999 4819 1260 4884 actiones
1288 4821 1416 4885 rint
1464 4841 1505 4885 a
1544 4824 1666 4887 Deo

142 4909 437 4985 proefinicoe,
472 4930 607 4991 Μ
634 4928 827 4974 secus.
858 4945 939 4959 —
968 4913 1145 4976 Addo
1184 4933 1332 4977 vero
1376 4915 1663 4991 alteriue,

146 5001 481 5075 probabilius
536 5003 733 5065 videri
778 5004 1019 5085 aliquas
1050 5024 1128 5067 ex
1180 5007 1279 5069 his
1317 5008 1665 5071 actionibus

147 5094 395 5168 proetiniri
414 5116 449 5157 a
480 5100 639 5171 Deo,
670 5118 801 5159 non
850 5118 999 5161 vero
1030 5118 1271 5163 omnes.
1325 5102 1503 5175 Quod
1546 5104 1664 5165 hac

146 5188 325 5263 regula
350 5190 585 5252 definiri
614 5196 839 5271 potest.
896 5194 1053 5254 Nam
1088 5193 1405 5255 interdum
1432 5195 1529 5255 hae
1564 5214 1666 5257 ac-

148 5276 310 5341 tiones
332 5284 693 5345 necessariae
724 5290 890 5359 sunt,
926 5284 1029 5347 vel
1058 5286 1135 5347 de
1171 5286 1335 5348 facto
1370 5288 1666 5350 ordinan-

152 5375 231 5429 tur
250 5374 319 5433 ad
350 5374 535 5438 finem
560 5376 835 5457 aliquem
884 5379 1324 5457 particularem
1350 5381 1663 5443 intentum

156 5464 433 5530 efficaciter
452 5489 487 5533 a
504 5472 659 5545 Deo,
688 5491 761 5533 ac
776 5472 1172 5552 praefinitum
1200 5474 1535 5552 aliquando
1560 5494 1663 5537 ve·

158 5572 211 5615 ro
226 5576 332 5621 non
366 5571 503 5628 sunt
528 5565 880 5646 specialiter
902 5566 1201 5629 ordinatae
1234 5567 1319 5629 ad
1354 5568 1547 5631 finem
1573 5570 1660 5631 sic

3210 411 3329 474 143

1765 522 2098 594 intentum,
2131 521 2244 582 sed
2271 526 2623 598 sequuntur
2645 539 2722 582 ex
2751 517 3024 599 quadam
3049 518 3327 598 generali

1764 613 2154 694 providentia
2175 619 2240 674 et
2269 613 2488 674 ordine
2519 631 2846 674 causarum
2879 612 3174 674 universi.
3215 613 3327 673 Ac-

1762 708 1968 769 tiones
2013 707 2252 787 priores
2290 725 2367 768 ex
2411 706 2733 768 voluntate
2773 705 2888 767 Dei
2938 703 3326 785 praefiniente

1762 801 2107 882 procedere
2151 800 2533 863 credendum
2583 805 2714 872 est,
2773 818 2850 860 ex
2905 798 3010 859 iila
3059 797 3319 873 ratione,

1762 894 1934 972 quod
1973 893 2266 954 voluntas
2321 893 2484 954 circa
2523 891 2716 953 finem
2758 899 2822 954 et
2866 891 3076 952 media
3119 896 3326 952 servat

1760 986 2256 1064 proportionem,
2305 991 2610 1066 quantum
2641 984 2780 1048 fleri
2817 991 3042 1066 potest,
3079 988 3142 1046 et
3169 1003 3328 1064 proe-

1763 1080 1978 1140 sertim
2009 1079 2072 1140 in
2100 1079 2252 1154 De0,
2293 1079 2399 1158 qui
2439 1078 2625 1139 simul
2655 1084 2718 1140 et
2746 1078 3194 1158 perfectissime
3236 1078 3325 1138 in-

1762 1172 1960 1234 tendit
2005 1170 2196 1234 finem
2227 1190 2341 1251 per
2377 1171 2787 1234 determinata
2825 1171 3055 1234 media.
3094 1171 3326 1248 Hujus-

1760 1265 1930 1326 modi
1972 1271 2068 1325 est
2111 1271 2287 1327 actus
2327 1265 2429 1326 ille
2485 1265 2845 1338 volumnia,
2896 1283 3020 1344 quo
3060 1263 3322 1344 angelus

1758 1362 1964 1420 motor
1991 1357 2127 1418 coeli
2158 1357 2290 1419 vult
2315 1357 2468 1420 illud
2490 1376 2766 1432 movere,
2798 1375 2988 1438 quem
3011 1375 3322 1437 suppona-

1758 1469 1900 1512 mus
1961 1468 2100 1512 esse
2137 1451 2440 1524 liberum;
2475 1452 2630 1512 nihil
2665 1451 2834 1512 enim
2877 1455 3210 1532 repugnat,
3253 1454 3322 1512 ut

1756 1549 1972 1624 posset
2006 1543 2186 1604 facile
2241 1543 2521 1618 ostendi3
2554 1549 2799 1605 constat
2834 1542 2987 1605 item
3037 1563 3174 1606 esse
3209 1545 3324 1606 bo·-

1757 1655 1910 1698 num
1949 1637 2290 1710 moraliter,
2325 1643 2386 1698 et
2429 1655 2556 1699 non
2585 1655 2724 1698 esse
2756 1639 3317 1717 supernaturalem.

1758 1730 1857 1794 Sic
1892 1730 2082 1792 etiam
2111 1731 2334 1810 opinor
2357 1737 2564 1792 actum
2591 1730 2768 1792 illum
2790 1731 3163 1811 proefinitum
3181 1749 3320 1794 esse

1758 1844 1793 1884 a
1846 1825 2000 1899 Dee,
2048 1842 2172 1904 quo
2221 1825 2589 1886 Beatissima
2639 1824 2824 1904 Virgo
2875 1825 3069 1887 voluit
3117 1827 3320 1887 virum

1755 1916 1987 1979 ducere
2043 1917 2274 1996 Joseph
2309 1963 2324 1990 ‚
2387 1923 2450 1978 et
2514 1935 2640 1998 quo
2689 1917 2792 1978 bic
2839 1917 3032 1978 voluit
3085 1917 3321 1979 Beatis-

1756 2009 1980 2070 simam
2013 2011 2333 2090 Virginem
2371 2010 2602 2073 ducere
2638 2029 2922 2086 uxorem,
2957 2029 3148 2090 quem
3189 2030 3320 2072 non

1754 2109 2068 2183 repugnat
2117 2104 2328 2182 (quod
2377 2103 2576 2183 gratia
2621 2105 2887 2184 exempli
2925 2106 3006 2166 sit
3041 2105 3316 2184 dictum)

1754 2214 1882 2256 non
1926 2196 2120 2258 fuisse
2168 2197 2380 2277 quoad
2421 2197 2836 2260 substantiam
2878 2205 3318 2279 supernatura-

1753 2289 1901 2363 lem,
1933 2289 2046 2350 sed
2071 2289 2308 2351 bonum
2345 2291 2685 2367 moraliter,
2716 2295 2780 2353 et
2805 2309 2882 2354 ex
2909 2291 3032 2352 tine
3061 2292 3161 2353 vel
3209 2291 3318 2354 im·

1756 2384 1930 2462 perio
1963 2384 2304 2446 charitatis.
2333 2385 2486 2446 Cum
2529 2385 2696 2446 enim
2739 2385 3208 2448 matrimonium
3244 2386 3321 2447 il-

1752 2475 1865 2537 lud
1893 2477 2145 2556 speciali
2175 2477 2286 2537 Dei
2327 2477 2718 2557 providentia
2745 2477 3230 2556 proeordinatum
3257 2483 3318 2538 et

1754 2569 2134 2650 praefinitum
2159 2569 2368 2643 fuerit,
2407 2575 2476 2631 ut
2495 2589 2572 2632 ex
2597 2571 2843 2632 Sanctis
2868 2571 3152 2632 Patribus
3173 2591 3317 2632 con-

1754 2665 1897 2736 stat,
1929 2681 2309 2724 consensum
2329 2663 2520 2726 etiam
2541 2663 2748 2743 ipsum
2760 2665 2828 2724 in
2854 2663 2977 2725 tale
3005 2663 3318 2724 matrimo-

1750 2755 1927 2816 nium
1955 2755 2340 2818 credendum
2395 2764 2491 2817 est
2543 2756 2734 2818 fuisse
2771 2755 3180 2836 praefinitum3
3229 2763 3314 2830 et,

1753 2869 1896 2912 cum
1929 2851 2320 2930 providentia
2359 2851 2474 2912 Dei
2503 2851 2582 2913 sit
2611 2851 3024 2925 exactissima,
3065 2869 3195 2912 non
3221 2853 3318 2913 est

1750 2943 2086 3006 verisimile
2133 2944 2326 3006 fuisse
2374 2943 2748 3024 praefinitum
2793 2945 2858 3005 in
2889 2945 3172 3019 confuso,
3215 2945 3315 3006 vel

1750 3037 2086 3110 abstracte,
2139 3037 2250 3100 sed
2293 3035 2358 3098 in
2396 3037 2790 3118 particulari,
2835 3057 2976 3100 cum
3021 3039 3316 3100 omnibus

1752 3132 2232 3194 circumstantiis
2263 3132 2434 3211 ejus;
2469 3131 2554 3193 ita
2597 3132 2766 3193 enim
2799 3152 2902 3195 res
2928 3133 3200 3213 disponit
3220 3132 3318 3195 di-

1750 3224 1895 3287 vina
1922 3224 2336 3305 providentia,
2369 3231 2439 3286 ut
2459 3225 2782 3306 eleganter
2801 3228 3054 3305 exponit
3073 3230 3316 3308 Augus-

1751 3318 1944 3391 tinuS‚
1975 3324 2153 3379 tract.
2190 3319 2308 3380 104
2332 3318 2398 3379 in
2424 3320 2606 3381 Joan.
2635 3322 2839 3398 Atque
2867 3320 3052 3381 simili
3073 3321 3313 3382 ratione

1748 3412 2044 3473 credibile
2075 3417 2192 3484 est,
2221 3410 2589 3491 praefiniisse
2619 3414 2819 3473 Deum
2841 3412 3013 3474 illam
3033 3414 3318 3475 volunta-

1747 3511 1898 3578 tem,
1926 3522 2055 3585 qua
2074 3504 2274 3566 Adam
2301 3510 2364 3566 et
2391 3506 2520 3566 Eva
2542 3504 2878 3566 voluerunt
2899 3507 3190 3587 conjugio
3215 3526 3315 3569 co-

1747 3598 1949 3677 pulari
1975 3616 1990 3671 3
2035 3602 2095 3658 et
2128 3597 2352 3657 similia
2379 3598 2670 3677 exempla
2697 3604 2960 3678 possunt
2996 3599 3180 3661 facile
3209 3600 3314 3661 ad-

1746 3691 1970 3753 hiberi.
2003 3691 2078 3752 Et
2105 3689 2274 3751 idem
2307 3689 2631 3769 probabile
2670 3698 2764 3753 est
2791 3691 2871 3753 de
2897 3693 3187 3754 omnibus
3215 3712 3316 3755 ac-

1746 3784 2022 3847 tionibus
2055 3783 2398 3845 moralibus
2426 3802 2566 3864 quoe
2607 3790 2752 3847 sunt
2791 3786 3000 3847 media
3031 3787 3116 3849 ad
3148 3788 3315 3849 salu-

1744 3885 1871 3940 tem
1896 3878 2505 3959 praedestinatorum,
2527 3878 2706 3958 juxta
2737 3898 2813 3940 ea
2841 3898 2980 3959 quae
3005 3880 3083 3942 de
3111 3882 3316 3961 proefl-

1744 3972 1980 4034 nitione
2007 3971 2574 4053 supernaturalium
2605 3978 2859 4034 actuum
2879 3973 3158 4035 dicemus
3181 3973 3223 4034 1.
3251 3976 3309 4036 3.

1828 4070 1925 4129 12.
1979 4064 2224 4139 Quando
2253 4083 2374 4127 non
2407 4084 2556 4148 opus
2597 4066 2684 4128 sit
2720 4067 2913 4131 dicero
2937 4068 3318 4148 proedefiniaei

1747 4168 1921 4226 actus
1950 4161 2269 4224 moraliter
2294 4161 2492 4223 bonos.
2521 4192 2602 4207 —
2622 4160 2700 4221 At
2720 4178 2892 4233 vero,
2930 4161 3182 4240 quando
3211 4181 3317 4225 ac-

1748 4260 1849 4315 tus
1876 4254 2158 4325 humani,
2205 4253 2395 4315 etiam
2435 4252 2758 4313 moraliter
2797 4252 2970 4330 boni,
3010 4272 3138 4315 non
3169 4263 3317 4320 sunt

1750 4349 2016 4409 ordinati
2055 4367 2094 4409 a
2121 4350 2252 4410 Deo
2295 4366 2374 4409 ex
2399 4347 2634 4409 efficaci
2669 4348 3012 4409 intentione
3049 4348 3312 4431 alicujus

1746 4442 1889 4503 finis
1924 4442 2234 4522 specialis,
2262 4442 2375 4503 sed
2402 4440 2483 4503 ab
2511 4442 2788 4501 humana
2822 4441 3138 4506 voluntate
3167 4464 3312 4505 cum

1748 4536 2028 4617 generali
2085 4554 2396 4597 concursu
2446 4553 2520 4596 ac
2553 4534 2942 4613 providentia
2999 4538 3308 4611 oriuntur,

1747 4650 1875 4692 non
1904 4636 2150 4710 oportet
2165 4636 2236 4691 ut
2254 4628 2334 4691 ab
2355 4628 2607 4710 speciali
2627 4630 2740 4689 Dei
2767 4630 3084 4693 voluntate
3113 4632 3314 4712 proefi-

1748 4723 1960 4785 niente
1995 4723 2372 4803 procedant;
2401 4740 2520 4785 nec
2545 4728 2642 4785 est
2662 4722 2792 4783 ulla
2811 4724 3124 4787 sufficiens
3151 4728 3310 4789 ratio

1748 4816 1831 4878 ad
1863 4817 1927 4877 id
1968 4808 2373 4890 cre'dendum,
2410 4822 2473 4878 et
2507 4816 2872 4896 hujusmodi
2901 4823 3047 4880 sunt
3087 4821 3311 4900 majori

1750 4928 1827 4971 ex
1851 4916 2028 4990 parte
2058 4916 2234 4971 aetus
2258 4910 2530 4972 morales
2557 4927 2776 4971 omnes
2801 4954 2816 4983 ,
2847 4910 2954 4989 qui
2975 4910 3063 4973 ita
3087 4912 3170 4973 ab
3198 4915 3312 4975 ho-

1746 5003 2021 5065 minibus
2049 5004 2235 5079 fiunt,
2269 5010 2338 5065 ut
2365 5002 2520 5064 nihil
2553 5002 2643 5064 eis
2669 5002 2752 5063 ad
2787 5002 2977 5064 vitam
3009 5012 3310 5066 aeternam

1746 5097 2258 5176 consequendam
2311 5097 2590 5176 prosint,
2623 5113 2742 5157 nec
2777 5096 2904 5157 Deo
2959 5098 3312 5175 specialiter

1746 5188 2102 5251 deserviant
2131 5188 2212 5251 ad
2235 5190 2510 5269 aliquem
2541 5188 2925 5269 peculiarem
2951 5190 3144 5252 finem
3169 5208 3310 5271 pro·

1746 5282 2036 5344 videntiae
2068 5283 2227 5363 ejus,
2283 5282 2608 5355 Probatur,
2649 5282 2798 5362 quia
2840 5300 2914 5345 ea
2941 5284 3193 5363 proprie
3220 5284 3310 5345 di·

1747 5380 1975 5439 cuntur
2023 5394 2163 5439 esse
2197 5395 2234 5437 a
2261 5377 2390 5437 Deo
2431 5375 2762 5455 proefinita,
2799 5394 2963 5455 quae,
2995 5376 3098 5438 vel
3132 5383 3202 5437 ut
3239 5376 3310 5437 fi·
3425 5376 3436 5383 '

1742 5488 1879 5545 nes,
1907 5469 2104 5533 velut
2143 5468 2352 5533 media
2373 5514 2389 5543 ,
2435 5474 2580 5531 sunt
2627 5468 2710 5529 ab
2747 5469 2882 5548 ipso
2912 5469 3310 5549 peculiariter

1741 5566 2004 5643 intenta,
2047 5572 2156 5628 aut
2181 5564 2401 5637 electa,
2427 5564 2526 5627 vel
2553 5562 2772 5638 volita3
2807 5582 2981 5646 ergo,
3014 5582 3154 5646 quae
3185 5566 3306 5629 hoc
