3850 6225
317 716 812 927 INDEX
907 776 1648 927 LOCORUM
1745 777 2285 924 SACRAE
2380 775 3292 979 SCRIPTURAE

1023 1187 1206 1261 011AE
1245 1186 1324 1252 IN
1363 1185 1517 1252 Hoc
1557 1185 1955 1252 VOLUMINE
2000 1185 2557 1254 EXPLICANTUR.

797 1805 882 1860 EX
914 1803 1152 1859 elensi.

1899 1812 2129 1866 scilieet:
2160 1814 2423 1865 Convertit
2450 1823 2542 1862 ror
2579 1825 2777 1871 eorum,
2812 1819 2870 1864 nt
2912 1812 3116 1863 odirent
3150 1810 3399 1877 populum

1897 1894 2030 1952 qus,
2054 1889 2108 1939 id
2132 1895 2230 1948 est,
2258 1888 2497 1956 permisit
2535 1889 2904 1953 converti.op.
2938 1891 2984 1946 1,
3018 1887 3053 1938 l.
3076 1891 3126 1940 2.
3151 1899 3197 1936 c.
3234 1890 3279 1938 3.

177 1953 308 2006 cst·
343 1953 564 2014 xxxw·
601 1966 750 2007 num·
775 1957 856 2006 2³·
895 1953 1025 2006 ⁰⁶⁸⁸
1052 1957 1224 2005 “mem
1251 1963 1394 2004 Μ*
1414 1951 1753 2016 mmmm·
1835 1963 1920 2016 Ps.
1955 1963 2150 2025 mxx,
2187 1977 2333 2017 num.
2372 1968 2449 2015 31.
2495 1965 2698 2016 Dimisit
2716 1979 2801 2015 eost
2827 1962 3105 2014 secundnm
3134 1962 3399 2014 desideria

243 2031 411 2093 [aciat
437 2043 552 2082 oum
575 2029 722 2082 vobis
747 2019 1064 2096 placabilem»,
1092 2028 1316 2081 interius
1341 2026 1673 2088 inclinando,
1701 2032 1754 2078 et.

245 2105 528 2158 moraliter
552 2105 820 2158 movendo
861 2105 978 2169 ejus
1017 2104 1371 2166 voluntatem,
1395 2114 1504 2156 non
1533 2101 1754 2169 physice

243 2178 682 2242 determinando,
705 2192 795 2245 op.
821 2185 868 2242 1,
899 2179 931 2231 l.
957 2185 1005 2237 2.
1033 2191 1079 2231 c.
1109 2185 1158 2232 6.

187 2255 312 2308 Car.
345 2256 494 2318 XLV,
517 2267 666 2308 num.
699 2259 746 2308 3.
769 2257 884 2308 Non
899 2261 1072 2308 vestro
1089 2255 1324 2318 oonsilio,
1345 2254 1434 2306 sed
1462 2253 1554 2305 Det·
1569 2251 1759 2305 volun-

251 2336 359 2384 tote
377 2330 476 2382 huc
493 2333 686 2384 missus
711 2344 844 2393 sum,
873 2331 1146 2384 voluntate
1183 2329 1385 2383 scilicet
1427 2327 1758 2396 praeiiniente

254 2405 630 2458 exaltationem
651 2407 870 2472 ioseph.
913 2407 1134 2472 ejusque
1153 2405 1521 2459 venditionem
1549 2411 1756 2456 tantum

251 2481 611 2545 permittente,
638 2493 726 2547 op.
749 2487 796 2544 1,
823 2481 915 2534 lib.
945 2485 994 2538 3.
1026 2493 1144 2546 cap.
1181 2487 1228 2535 3.

185 2555 312 2607 (Συ.
347 2555 402 2616 1..
437 2568 586 2608 num.
615 2559 694 2609 19.
717 2557 855 2608 Num
885 2570 1162 2623 possumus
1189 2557 1281 2608 Dei
1304 2556 1546 2608 resistere
1567 2555 1758 2607 volun-

251 2633 396 2684 tati?
422 2639 546 2692 etc„
571 2633 641 2694 ei,
670 2632 892 2694 scilieet.
915 2645 1024 2699 qua
1059 2632 1174 2686 vult
1213 2632 1407 2698 (inquit
1428 2633 1648 2699 Josepht
1699 2637 1758 2686 ut

251 2707 412 2762 vobis
445 2721 681 2776 parcam,
707 2709 780 2761 ib.

806 2811 890 2863 Ex
923 2810 1151 2864 EXODO.

191 2931 312 2984 Car.
359 2933 490 2994 ΧΠ,
537 2945 683 2986 num.
727 2937 774 2986 8.
810 2933 869 2984 δι’
909 2945 1016 2983 non
1043 2933 1254 2984 audient
1294 2945 1578 2984 sermonem
1618 2932 1756 2998 siqui

244 2995 470 3060 prioris,
499 2997 705 3048 credam
733 2996 891 3048 verbo
937 2997 1076 3060 aiant·
1115 2995 1394 3060 sequentis,
1429 2994 1486 3047 id
1525 3001 1622 3055 est,
1661 2993 1754 3060 qui

251 3081 432 3197 19τὲωο
464 3083 588 3198 1non
635 3070 976 3135 crediderint,
1011 3069 1250 3125 secundo
1293 3069 1535 3134 credent,
1579 3081 1669 3137 op.
1706 3074 1756 3135 a,

276 3185 289 3198 .
348 3185 370 3209 ,
390 3159 438 3199 e.
497 3182 510 3196 .

729 3260 956 3314 vitulus
997 3258 1226 3314 limum.

185 3374 310 3427 cn.
336 3376 512 3437 xxlll,
548 3388 698 3430 num.
728 3380 806 3429 11.
845 3377 930 3427 Ait
957 3377 1222 3435 Dominus.
1256 3375 1578 3435 descendens.
1626 3380 1751 3434 etc„

254 3450 312 3503 id
335 3458 435 3509 est.
457 3457 662 3504 certum
696 3458 780 3504 est
805 3459 1088 3505 venturum
1130 3464 1269 3513 esse,
1305 3451 1353 3505 si
1391 3449 1656 3505 manseris
1697 3452 1754 3503 in

251 3526 466 3581 civitate
498 3526 672 3591 Ceilae,
696 3540 785 3594 op.
807 3531 857 3591 2,
881 3526 918 3580 1.
949 3532 998 3590 2,
1021 3540 1069 3580 c.
1096 3531 1142 3579 1.

688 3642 1005 3695 SECUNDUS
1036 3642 1264 3696 REGUM.

184 3752 307 3805 Cn.
341 3752 473 3807 xvi.
499 3764 648 3805 num.
683 3756 759 3804 1⁰.
799 3751 1047 3803 Dominus
1083 3754 1218 3802 enim
1257 3752 1504 3817 pracepit
1535 3752 1603 3813 οἰ,
1631 3725 1758 3813 ete„

251 3827 306 3880 id
325 3836 426 3891 est,
449 3826 708 3894 permisit,
729 3826 868 3879 sicut.
883 3825 1163 3892 illud‚cap.
1184 3829 1264 3889 2⁴,
1291 3840 1438 3880 num.
1457 3830 1486 3878 1
1501 3842 1512 3875 :
1530 3824 1750 3879 Commo·

250 3910 428 3970 vitque
457 3904 650 3967 David,
677 3908 801 3964 etc..
825 3913 916 3968 op.
940 3907 987 3964 1,
1011 3900 1048 3953 1.
1071 3906 1120 3965 ι,
1143 3914 1191 3954 c.
1217 3906 1264 3955 3.

712 4018 978 4071 TERTIUS
1003 4018 1234 4071 REGUM.

185 4135 306 4187 Car.
341 4134 494 4193 xvlt,
527 4144 677 4185 num.
709 4138 756 4184 9.
795 4133 1026 4197 Proecepi
1053 4132 1188 4183 onim
1229 4131 1302 4183 ibt·
1339 4130 1548 4181 mulieri
1583 4128 1760 4181 viduo

253 4214 312 4261 ut
343 4214 527 4273 pascat
567 4214 632 4267 te.
675 4213 798 4268 etc..
836 4219 900 4260 ac
943 4206 988 4259 si
1033 4205 1264 4259 diceret:
1313 4203 1758 4271 inspirationibus

255 4284 522 4351 persuasi,
535 4285 683 4351 juxta
699 4283 1160 4351 chrysostomum,
1184 4298 1272 4350 op.
1297 4287 1346 4347 1,
1371 4282 1407 4334 l.
1437 4286 1487 4345 ι,
1513 4294 1561 4337 e.
1585 4286 1634 4333 6.

847 4398 1105 4450 mrum.

186 4512 308 4565 Car.
345 4512 476 4568 xtn.
513 4524 664 4564 num.
699 4516 748 4563 3.
779 4512 894 4563 Non
925 4515 1020 4571 ost,
1059 4512 1350 4581 qu'ypoesit
1393 4514 1495 4561 tuae
1521 4510 1760 4561 resistere

253 4586 533 4648 voluntati,
561 4593 684 4643 etc..
709 4585 836 4651 quia
863 4586 906 4637 si
933 4586 1034 4648 vis,
1065 4586 1224 4639 etiam
1266 4585 1412 4637 illata
1436 4585 1754 4637 necessitate

255 4669 408 4791 gotes
439 4661 824 4791 fxiquiemam
863 4660 1211 4724 voluntatem,
1257 4668 1314 4713 ut
1351 4660 1526 4713 obiter
1547 4659 1759 4721 dicitur,

290 4751 342 4804 p.
364 4742 393 4789 1
398 4777 691 4802 .....

910 4850 1034 4903 1013.

193 4967 310 5019 car.
347 4966 458 5027 ΧΠ,
493 4978 642 5017 num.
677 4966 758 5017 2⁴.
793 4952 896 5025 Qua·
919 4963 1158 5015 immutat
1175 4977 1270 5015 cor
1297 4964 1617 5029 principum.
1635 4974 1756 5016 sua-

253 5042 424 5097 sione.
459 5046 512 5093 et
539 5038 894 5106 inspiratione
917 5039 1144 5102 interna,
1171 5050 1279 5092 non
1309 5037 1534 5105 physica
1569 5036 1758 5091 deter-

179 5175 186 5181 ‚
253 5116 564 5179 minatione.
591 5127 662 5181 op
703 5120 752 5179 1,
784 5113 821 5167 l.
855 5118 902 5177 1,
926 5126 976 5167 c.
1004 5117 1084 5166 11.

861 5228 1100 5281 psum.

193 5341 278 5393 Ps.
313 5340 484 5401 mx,
511 5352 660 5391 num.
692 5343 771 5391 19.
797 5338 1072 5389 Declinaati
1091 5337 1301 5390 semitas
1326 5340 1557 5398 nostras,
1580 5334 1636 5387 id
1655 5341 1754 5397 est,

253 5416 430 5469 sinisti
463 5426 564 5469 nos
595 5413 866 5467 declinare
898 5429 912 5478 3
963 5412 1056 5467 uhi
1101 5426 1196 5479 per
1243 5418 1482 5467 errorem
1527 5412 1758 5465 citantur

258 5492 374 5544 haec
415 5491 578 5543 verba
615 5503 679 5543 ex
705 5488 899 5542 Psalm.
937 5493 1055 5552 104,
1091 5502 1238 5541 num.
1271 5492 1350 5549 31,
1383 5486 1474 5541 ubi
1502 5494 1626 5540 sunt
1654 5488 1760 5541 alia

259 5568 424 5622 verba
452 5566 508 5620 in
544 5579 684 5621 vers.
733 5570 814 5630 25,
843 5577 964 5631 quae
993 5565 1182 5619 eodem
1211 5564 1372 5619 modo
1399 5572 1763 5632 exponuntur,-

1898 2041 2071 2092 cordis
2100 2055 2297 2100 eorum,
2326 2047 2449 2100 etc.‚
2473 2040 2525 2090 id
2552 2047 2649 2100 est,
2672 2037 2949 2104 denegavit
2978 2037 3172 2090 auxilia
3192 2037 3402 2088 uberio-

1900 2129 1985 2174 ra:
2030 2117 2185 2170 ibunt.
2234 2118 2351 2168 sine
2390 2115 2555 2168 dubio
2592 2116 2644 2167 in
2688 2114 3097 2168 adinventiones
3126 2125 3286 2176 suas;
3324 2113 3401 2163 si-

1901 2194 2101 2246 militer
2128 2193 2419 2258 explicatur
2465 2192 2594 2244 illud
2642 2191 2835 2244 Psalmi
2884 2195 2968 2243 57:
3013 2192 3193 2242 Avertae'
3219 2189 3401 2254 faciem

1899 2285 2082 2332 meam,
2118 2277 2165 2322 et
2188 2271 2315 2321 abiit
2332 2282 2517 2334 eaque,
2541 2281 2628 2332 op.
2654 2272 2701 2330 1,
2725 2269 2760 2319 l.
2792 2274 2842 2327 2,
2866 2281 2910 2319 c.
2935 2273 2982 2318 6.

1837 2347 1921 2399 Ps.
1957 2347 2017 2408 L,
2051 2359 2196 2398 num.
2234 2349 2311 2398 12.
2348 2345 2453 2396 cor
2486 2345 2735 2395 mundum
2774 2357 2897 2394 crea
2928 2344 2986 2393 in
3020 2355 3116 2401 mo.
3160 2343 3312 2397 Deus.
3344 2347 3403 2394 ul.

1902 2421 2213 2489 principalis
2234 2427 2419 2473 auctor
2454 2433 2587 2473 meae
2611 2419 2841 2482 Justitiae.
2868 2433 2955 2482 op.
2976 2424 3021 2476 1,
3046 2419 3079 2469 l.
3107 2422 3151 2476 3,
3180 2430 3225 2469 c.
3252 2422 3328 2469 15.

1837 2498 1921 2551 ΡΒ.
1957 2497 2149 2555 Lxxu.
2186 2509 2335 2549 num.
2360 2500 2408 2548 6.
2445 2497 2507 2547 In
2534 2495 2709 2546 laboro
2730 2495 2993 2546 hominum
3032 2507 3139 2544 non
3168 2499 3307 2552 sunt,
3348 2492 3401 2543 id
3472 2553 3479 2560 ¹

1899 2579 1999 2629 est.
2030 2571 2283 2640 singulari
2313 2571 2561 2628 consilio,
2584 2583 2743 2636 quem
2765 2570 2863 2624 scit
2886 2583 2950 2622 ea
2978 2569 3259 2623 occasione
3282 2567 3403 2633 lap-

1899 2661 2105 2706 surum.
2127 2661 2214 2713 op.
2242 2651 2289 2708 1,
2313 2647 2347 2698 l.
2371 2651 2422 2706 Ξ,
2444 2659 2490 2698 c.
2524 2651 2571 2698 3.

1839 2727 1922 2780 PS.
1960 2725 2153 2784 LXXX,
2190 2737 2337 2776 num.
2374 2727 2453 2776 31.
2490 2723 2699 2774 Dimisit
2730 2736 2834 2780 eos,
2873 2727 2997 2773 etc..
3023 2719 3305 2784 exponitur
3332 2717 3400 2770 de

1899 2800 2085 2852 divina
2112 2800 2415 2853 desertione
2440 2813 2535 2864 per
2563 2798 2899 2866 negationem
2924 2795 3187 2849 uberioris
3221 2793 3401 2846 anxilii

1902 2877 2177 2928 moraliter
2209 2875 2513 2936 necessarii,
2550 2886 2637 2939 op.
2666 2877 2717 2933 1,
2748 2872 2781 2924 l.
2806 2877 2855 2926 2.
2876 2885 2924 2923 c.
2954 2877 3003 2923 6.

1839 2951 1924 3003 Ps.
1960 2952 2127 3008 Cxlll.
2164 2965 2314 3004 num.
2352 2955 2431 3004 11.
2468 2950 2657 3002 Omnia
2695 2961 3026 3014 qua-cumque
3062 2945 3227 2998 voluit
3264 2947 3397 3010 [ecit.

1901 3027 2101 3079 Tamen
2119 3026 2257 3080 sicut
2271 3033 2487 3094 peccata
2506 3038 2614 3078 nou
2635 3024 2775 3089 facit,
2795 3025 2865 3077 ita
2888 3036 3062 3090 neque
3089 3023 3215 3084 vult,
3236 3033 3322 3087 op.
3351 3025 3399 3082 1,

1901 3101 1935 3157 l.
1962 3108 2009 3168 2,
2035 3118 2081 3157 c.
2105 3109 2150 3156 3.

2388 3215 2855 3271 ECCLESIASTES.

1839 3346 1957 3400 Car.
1992 3346 2076 3409 vt,
2112 3359 2263 3399 num.
2296 3350 2353 3399 14
2410 3345 2557 3407 Quod
2578 3357 2724 3395 nemo
2753 3348 2915 3407 potest
2946 3343 3225 3407 corrigere.
3250 3356 3401 3407 quem

1898 3422 2343 3565 {gotdelspseaeffit'
2370 3420 2635 3488 negando,
2663 3418 2865 3473 scilicet
2890 3418 3140 3473 uberiora
3178 3418 3387 3482 auxilia,

2356 3628 2889 3685 ECCLESIASTIGUS.

1839 3764 1955 3818 Car.
1990 3763 2097 3819 XV,
2134 3775 2281 3815 num.
2324 3766 2405 3813 14.
2438 3761 2663 3825 Reliquit
2714 3774 2832 3811 eum
2880 3760 2940 3821 ἰῃ
2996 3772 3161 3811 manu
3203 3757 3409 3811 consilii

1891 3840 2006 3909 ,8υῂ
2031 3844 2153 3894 etc..
2185 3837 2311 3900 quia
2334 3848 2461 3889 vere
2480 3836 2785 3888 consultare
2808 3840 2983 3901 potest
3010 3834 3080 3889 de
3110 3840 3231 3887 actu
3255 3832 3404 3885 rutu-

1903 3924 1983 3977 το,
2024 3920 2077 3965 et
2102 3911 2269 3965 libere
2297 3911 2516 3979 eligere,
2536 3923 2623 3976 op.
2656 3914 2704 3974 1,
2731 3909 2768 3963 1.
2788 3915 2837 3971 1,
2865 3922 2913 3963 c.
2939 3913 3017 3961 1⁴.
3188 3908 3191 3911 ’

2514 4049 2738 4103 18Α1Α8.

1838 4174 1957 4228 Car.
1994 4174 2055 4237 V,
2091 4186 2240 4227 num.
2278 4178 2324 4225 4.
2361 4172 2497 4234 Quid
2528 4170 2759 4238 estquod
2780 4170 2930 4224 debut·
2962 4171 3107 4223 ultra
3135 4174 3302 4234 lacere
3326 4171 3409 4222 oi-

1902 4264 2014 4303 ηοω
2038 4264 2183 4311 mem,
2226 4255 2273 4301 et
2314 4262 2421 4299 uon
2460 4249 2573 4313 feci,
2604 4247 2887 4313 exponitur
2914 4246 2981 4299 de
3016 4246 3211 4299 a'uxilio
3252 4245 3403 4299 suffi-

1903 4324 2095 4385 ciente,
2121 4336 2209 4390 op.
2232 4328 2282 4385 1,
2315 4324 2349 4375 l.
2389 4328 2435 4383 3,
2460 4336 2507 4374 c.
2532 4328 2579 4373 6.

1839 4402 1959 4453 Car.
1992 4402 2055 4459 X,
2088 4413 2236 4452 num.
2275 4405 2321 4450 ⁵.
2362 4400 2445 4451 Voe
2474 4402 2641 4451 Assur
2682 4398 2840 4461 vir-qa
2870 4400 3072 4463 furoris
3116 4398 3233 4457 mei,
3280 4404 3403 4458 etc..

1811 4488 1818 4495 ·
1902 4475 2029 4541 quia
2063 4476 2179 4539 ejus
2214 4482 2487 4540 peccatum
2532 4472 2774 4538 permisit
2802 4474 2937 4525 Deus
2968 4473 3020 4523 in
3050 4484 3261 4539 poenam
3300 4485 3404 4537 po·-

1902 4551 2013 4617 puli
2042 4552 2144 4611 sui,
2170 4554 2329 4617 op.1.
2358 4550 2393 4601 1.
2420 4555 2467 4609 2,
2494 4562 2538 4601 c.
2564 4554 2612 4600 3.

1843 4626 1941 4678 Cn
1997 4627 2169 4687 xxm,
2206 4638 2358 4678 num.
2388 4629 2468 4678 13.
2505 4624 2693 4676 Omnia
2723 4637 2886 4691 opera
2930 4627 3117 4674 nostra
3156 4628 3406 4688 operatus

1905 4716 1959 4753 es
1991 4704 2049 4753 in
2066 4702 2231 4763 nobis,
2258 4702 2485 4757 Domine.
2510 4700 2635 4763 quia
2666 4698 2903 4762 (sciliceti
2930 4697 3235 4749 immediate
3272 4710 3405 4749 con-

1905 4776 2079 4830 curris
2102 4776 2172 4829 ad
2192 4787 2384 4830 omnes
2406 4782 2555 4828 actus
2578 4781 2811 4836 nostroS‚
2844 4786 2936 4839 op.
2970 4776 3016 4836 t,
3048 4772 3155 4834 1.1,
3186 4786 3231 4825 e.
3266 4778 3309 4823 4.

2464 4914 2782 4967 ΙΕΒΕΗῙΑ8.

1839 5040 1955 5092 Cn.
1992 5040 2054 5101 x,
2092 5052 2242 5092 num.
2279 5043 2360 5090 28.
2396 5039 2514 5091 Non
2535 5043 2610 5090 eet
2636 5038 2859 5089 hominis
2898 5038 2993 5089 oio
3028 5038 3157 5100 ejus,
3202 5036 3258 5089 id
3302 5042 3401 5093 est.

1901 5126 2069 5179 opera
2106 5113 2311 5181 gratim,
2339 5126 2461 5179 quae
2500 5120 2628 5166 sunt
2667 5112 2736 5165 ad
2776 5112 2939 5165 vitam
2988 5118 3262 5171 aeternam,
3291 5123 3403 5164 non

1901 5196 2028 5242 sunt
2052 5189 2107 5242 in
2130 5189 2368 5243 hominis
2394 5195 2653 5255 potestate
2681 5188 2801 5241 sine
2831 5188 2923 5240 Dei
2966 5187 3316 5255 inspiratione
3349 5194 3401 5239 et

1900 5265 2114 5328 auxilio,
2139 5278 2228 5332 op.
2257 5269 2304 5327 1,
2326 5264 2361 5318 l.
2389 5269 2436 5325 1,
2457 5278 2505 5318 c.
2531 5269 2610 5317 11.

1837 5341 1939 5394 Cu·
1992 5341 2121 5399 xlx.
2153 5354 2301 5394 num.
2333 5345 2361 5392 4
2384 5347 2439 5393 et
2466 5346 2513 5393 ι.
2534 5339 2873 5406 Reptoverunt
2899 5339 3066 5392 locum
3083 5342 3259 5397 istum,
3276 5344 3399 5392 ete..

1901 5430 2020 5481 quoe
2045 5429 2137 5467 nec
2164 5418 2407 5481 proecopi,
2443 5429 2533 5467 nec
2562 5416 2759 5467 locutus
2781 5430 2920 5477 sum,
2942 5428 3034 5466 neo
3061 5414 3404 5467 accenderunt

1901 5492 1961 5541 in
1984 5504 2073 5543 cor
2092 5506 2275 5545 meum.
2302 5490 2356 5543 id
2381 5498 2479 5551 est,
2504 5490 2629 5555 quia
2650 5490 2923 5543 voluntate
2944 5488 3087 5556 signi
3107 5496 3199 5541 aut
3232 5489 3401 5541 bene-

1905 5565 2081 5631 placiti
2104 5566 2219 5619 ltaee
2248 5567 2384 5673 Dens
2408 5578 2518 5619 non
2546 5566 2675 5627 vult,
2707 5577 2797 5631 op.
2829 5570 2876 5627 1,
2908 5564 2943 5617 l.
2968 5569 3014 5627 2,
3040 5576 3086 5617 c.
3118 5566 3164 5614 ⁴.
