3850 6225
690 381 824 434 CAP.
860 382 987 434 vul.
1024 380 1371 434 NONNULLAE
1402 380 1819 434 ASSERTIONES
1850 383 1934 434 Ex
1967 383 2276 438 DOCTRINA
2309 387 2548 448 TOTIUS,
2587 387 2718 439 ETC.

108 482 585 562 applicationem
604 479 765 554 fieri,
796 481 897 542 vel
924 498 1039 560 per
1066 480 1505 544 excitationem
1534 497 1669 540 mo-

106 578 319 648 ralem,
359 575 780 654 praecipiendo
810 581 920 637 aut
948 573 1357 649 consulendo,
1386 580 1533 648 etc„
1567 573 1667 636 vel

106 689 213 750 per
241 672 575 748 physicam
627 667 1258 743 determinationem3
1300 675 1525 730 neutro
1554 687 1669 728 au-

109 773 227 826 tem
264 763 459 824 modo
489 769 710 843 potest.
724 764 855 824 Deo
896 762 960 823 id
987 762 1199 835 tribui,
1246 766 1315 824 ut
1344 769 1664 824 ostensum

106 866 213 919 est.
242 857 405 918 Item
422 857 597 918 nulla
640 861 735 918 est
771 855 1113 918 necessitas
1140 873 1281 934 quae
1322 875 1441 918 nos
1486 861 1671 936 cogat

108 952 167 1013 id
184 967 501 1025 asserere;
536 950 687 1029 quia
714 951 882 1010 Deus
908 948 1180 1010 mirabili
1208 968 1321 1010 sua
1359 949 1669 1028 sapientia

107 1051 163 1105 et
190 1044 473 1122 potentia
502 1045 588 1106 ita
614 1044 811 1106 utitur
836 1044 1047 1122 pravis
1082 1043 1507 1105 voluntatibus
1532 1043 1665 1103 sola

104 1137 540 1218 permissione,
574 1157 649 1200 ac
678 1138 733 1199 si
762 1155 869 1198 eas
922 1136 1273 1210 induceret,
1322 1139 1421 1200 vel
1458 1137 1668 1199 deter-

104 1232 389 1292 minaret.
424 1232 643 1293 Solum
694 1249 773 1292 ex
820 1231 1149 1309 Augustini
1203 1231 1513 1292 sententia
1566 1231 1667 1292 vel

106 1323 384 1402 Hugonis
416 1324 683 1386 Victoris
720 1327 929 1404 potest
952 1325 1057 1386 illa
1086 1324 1353 1404 positiva
1392 1325 1669 1406 applica-

108 1419 184 1478 tio
218 1417 633 1495 probabiliter
664 1418 903 1480 admitti
936 1418 1017 1479 ad
1044 1419 1165 1480 hoc
1201 1419 1301 1480 vel
1342 1418 1497 1480 fflud
1531 1438 1668 1479 ma·-

106 1512 247 1583 lum,
278 1511 545 1588 quando
573 1511 709 1591 jam
735 1511 1025 1573 voluntas
1054 1531 1131 1574 ex
1176 1531 1243 1573 se
1290 1520 1385 1574 est
1424 1513 1506 1574 ad
1532 1531 1669 1574 ma-

109 1607 227 1665 lum
260 1604 729 1679 determinata3
772 1612 836 1667 et
880 1613 1029 1668 tunc
1076 1607 1283 1685 potius
1332 1607 1667 1668 dicendum

112 1703 195 1759 est
236 1699 446 1758 Deum
512 1699 831 1778 applicare
886 1700 1277 1761 voluntatem
1321 1699 1401 1760 ad
1456 1700 1665 1760 minus

112 1791 361 1863 malum,
394 1809 589 1870 quam
622 1793 705 1852 ad
739 1792 999 1854 malum.
1045 1795 1263 1872 Neque
1311 1793 1499 1854 etiam
1532 1793 1669 1854 talis

116 1883 433 1962 applicatio
476 1884 548 1946 fit
581 1887 831 1965 proprie
878 1906 957 1948 ex
1008 1891 1183 1967 parte
1224 1887 1517 1966 potentiae
1559 1906 1671 1948 vo-

114 1979 355 2038 luntatis
384 1997 501 2057 per
528 1979 847 2042 efficacem
902 1980 1618 2059 praedeterminationem
1646 1999 1660 2038 :

118 2089 353 2150 semper
382 2072 555 2132 enim
584 2073 704 2133 hoc
734 2079 1049 2152 repugnat
1069 2073 1371 2145 libertati;
1426 2079 1489 2134 et
1512 2073 1664 2134 divi·

118 2183 242 2226 nam
266 2165 624 2226 bonitatem
646 2185 776 2226 non
806 2167 1011 2240 decet,
1044 2167 1215 2247 quod
1240 2186 1355 2246 per
1383 2185 1450 2227 se
1478 2167 1665 2228 faciat

117 2261 169 2318 in
206 2259 465 2320 homine
501 2277 729 2338 pravos
767 2267 945 2322 actus
986 2261 1087 2322 vel
1114 2261 1415 2332 affectus;
1452 2261 1565 2322 sed
1595 2260 1667 2322 fit

116 2371 213 2431 per
236 2352 510 2432 alicujus
534 2352 761 2431 objecti
786 2355 1432 2432 repraesentationem‚
1469 2360 1537 2416 ut
1562 2371 1664 2415 vo·

116 2448 303 2506 luntas
346 2465 425 2508 ex
454 2465 521 2506 se
559 2453 703 2509 actu
750 2447 1165 2509 determinata
1194 2449 1276 2509 ad
1310 2447 1569 2520 malum,
1602 2447 1665 2508 in

116 2542 215 2601 hoc
244 2541 520 2620 object0‚
539 2541 749 2620 potius
772 2559 960 2619 quam
986 2541 1053 2602 in
1080 2541 1203 2602 alio
1226 2547 1529 2602 versetur.
1560 2542 1668 2602 At-

116 2653 221 2712 que
248 2634 377 2695 hoc
413 2633 623 2712 ipsum
654 2634 765 2713 (ut
793 2651 909 2714 ego
942 2635 1227 2696 existimo
1254 2633 1665 2714 )regulariter

118 2746 227 2787 non
239 2727 311 2788 fit
335 2746 375 2787 a
400 2729 533 2788 Deo
554 2727 939 2795 immediate.
968 2728 1081 2790 sed
1096 2746 1209 2807 per
1238 2728 1515 2806 angelos,
1536 2745 1663 2788 non

118 2821 324 2892 bonos„
363 2821 475 2880 sed
510 2819 733 2892 malos,
778 2821 885 2898 qui
916 2839 991 2881 ex
1022 2839 1091 2881 se
1118 2820 1491 2900 paratissimi
1520 2825 1666 2880 sunt

119 2914 189 2974 ad
208 2915 497 2974 homines
536 2914 961 2993 decipiendOS,
1002 2915 1100 2976 vel
1148 2915 1543 2976 inclinandos
1584 2913 1665 2974 ad

118 3026 291 3086 prava
336 3007 607 3085 objecta,
650 3013 711 3068 et
752 3007 1263 3076 interdumDeus
1308 3007 1428 3068 illis
1474 3008 1665 3084 impe-

120 3107 197 3161 rat
222 3107 291 3161 ut
322 3101 453 3163 haec
495 3101 727 3181 potine,
760 3120 951 3181 quam
976 3101 1081 3163 illa
1110 3101 1463 3181 applicent;
1496 3100 1667 3180 quod

120 3214 231 3254 non
262 3200 391 3255 tam
420 3199 515 3255 est
544 3194 664 3255 illis
682 3195 919 3256 malum
941 3197 1306 3275 praecipere,
1334 3213 1523 3273 quarn
1549 3194 1667 3255 mi-

120 3308 221 3347 nus
260 3289 489 3349 malum
519 3288 945 3368 praescribere,
990 3288 1287 3349 nimirum
1314 3287 1663 3349 cohibendo

122 3381 277 3454 illos,
313 3401 391 3443 ne
420 3383 543 3442 hoc
572 3383 811 3441 malum
844 3388 1199 3455 exerceant,
1232 3384 1293 3443 et
1319 3381 1527 3443 dando
1576 3382 1665 3441 eis

122 3474 413 3536 licentiam
479 3475 561 3537 ad
591 3475 735 3551 alia,
778 3493 893 3536 seu
930 3474 1255 3537 limitando
1298 3494 1515 3537 eorum
1556 3494 1666 3554 po-

122 3568 360 3628 tentiam
404 3568 487 3629 ad
526 3568 676 3629 talia
726 3568 991 3647 objecta.
1040 3570 1116 3630 Et
1142 3569 1227 3630 ita
1266 3575 1529 3648 possunt
1559 3587 1665 3629 ex-

122 3662 255 3738 poni
272 3662 447 3722 citata
472 3662 663 3722 verba
687 3663 885 3734 Isaiae,
909 3664 981 3723 ut
1000 3662 1083 3723 ibi
1109 3662 1340 3723 indicat
1368 3662 1657 3735 Basilius,

122 3754 254 3815 lieet
272 3754 497 3815 ibidem
526 3756 948 3834 Hieronymus
978 3756 1055 3817 de
1084 3756 1267 3817 bonis
1295 3756 1405 3817 Dei
1450 3756 1661 3817 minis-

124 3848 223 3907 tris
254 3849 451 3909 locum
486 3850 662 3909 illum
686 3849 1163 3928 interpretetur;
1199 3856 1261 3911 et
1295 3850 1523 3911 clarius
1552 3850 1664 3910 de-

126 3943 355 4003 claravit
388 3943 792 4019 Augustinus,
820 3942 928 4004 lib.
954 3944 991 4005 3
1020 3944 1097 4005 de
1124 3944 1435 4017 Trinitat.‚
1470 3944 1656 4023 capit.

128 4036 179 4105 4,
218 4036 415 4097 dicens
440 4082 456 4107 ,
502 4038 602 4099 uti
640 4038 832 4099 Deum
862 4038 942 4099 ad
976 4036 1455 4101 incommutabile
1502 4039 1663 4101 arbi-

131 4132 295 4191 trium
330 4131 638 4194 sententia·
676 4148 805 4193 suoe
856 4129 1126 4192 omnibus
1165 4128 1461 4193 creaturis
1474 4178 1491 4203 ,
1536 4135 1661 4193 tam

128 4224 577 4297 irrationalibus,
608 4241 788 4305 quam
814 4222 1219 4287 rationalibus
1242 4246 1268 4295 ,·
1310 4228 1373 4284 et
1400 4223 1606 4284 subdit
1640 4241 1654 4283 ε

138 4314 262 4378 Sive
302 4316 459 4379 bonis
496 4336 610 4399 per
641 4317 930 4399 qratiam,
996 4318 1122 4379 sive
1154 4316 1338 4377 malie
1378 4334 1495 4396 per
1511 4333 1662 4396 pro-

126 4409 301 4485 priam
326 4410 715 4485 voluntatem,
748 4428 821 4470 ac
846 4410 895 4469 si
924 4409 1183 4484 diceret,
1208 4427 1337 4469 non
1370 4409 1549 4470 aliter
1570 4409 1659 4470 eis

134 4502 227 4573 nti,
256 4520 433 4581 quam
472 4504 737 4565 sinendo
786 4504 954 4581 ipsas
984 4502 1195 4563 facere
1230 4521 1405 4563 suam
1436 4504 1659 4563 volun-

138 4600 321 4655 tatem.
362 4598 435 4657 Et
477 4598 599 4657 hoc
656 4603 751 4657 est
790 4596 963 4674 quod
1001 4594 1263 4657 inferius
1290 4596 1418 4657 ait:
1473 4594 1658 4659 Nihil

137 4686 265 4749 enim
287 4690 359 4763 fit
394 4688 719 4753 visibiliter
749 4696 806 4753 et
837 4690 1227 4762 sensibiliter,
1258 4690 1416 4770 quod
1450 4707 1569 4751 non
1591 4690 1659 4751 de

142 4778 378 4843 interiori
400 4828 421 4857 ,
474 4782 823 4855 invisibili,
862 4788 1039 4863 atque
1094 4782 1470 4862 intelliyibili
1514 4783 1660 4845 aula

140 4874 323 4935 rammi
358 4875 743 4958 imperatoris
784 4880 891 4940 aut
925 4877 1219 4957 jubeatur
1262 4881 1373 4939 aut
1408 4874 1659 4958 permit-

145 4968 301 5027 tatur.

204 5059 254 5116 8·
291 5058 555 5126 Assertio
580 5065 859 5143 septima.
890 5098 973 5111 —
1001 5066 1239 5125 Rursus
1287 5062 1421 5123 haec
1467 5062 1657 5122 etiam

144 5146 333 5212 locutio
372 5156 625 5217 omnino
670 5158 921 5219 vitanda
963 5164 1097 5219 est:
1142 5159 1309 5220 Deua
1352 5161 1443 5219 est
1470 5173 1658 5219 causa

144 5242 215 5301 vel
258 5252 455 5309 auctor
477 5248 653 5311 illius
679 5250 933 5331 peccati,
964 5252 1121 5333 quod
1164 5256 1256 5313 est
1279 5266 1463 5330 poena
1510 5248 1656 5311 alce-

144 5334 249 5396 rt'm
270 5343 488 5417 peccata·
502 5368 529 5414 ;
560 5360 961 5422 quacumque
990 5344 1159 5403 enim
1200 5343 1443 5403 ratione
1490 5341 1661 5403 dica-

148 5430 229 5485 tur
250 5430 401 5491 Deus
428 5451 615 5495 causa
646 5436 911 5515 alicujus
938 5436 1201 5515 peccati,
1232 5434 1575 5497 formaliter
1598 5439 1660 5494 et

151 5516 200 5576 in
232 5524 485 5585 terminis
506 5528 951 5591 contradicitur
988 5528 1343 5607 ScripturiS‚
1373 5544 1511 5606 quae
1551 5527 1663 5587 ab-

3195 389 3304 448 {51

1750 480 1952 542 solute
2013 483 2134 544 hoc
2183 489 2440 564 negant.
2498 487 2674 550 Unde
2726 490 2942 548 Patres
2981 509 3200 552 omnes
3251 501 3314 554 et

1750 576 2168 638 communiter
2191 578 2554 642 Scholastici
2583 581 2925 654 declarant,
2955 601 3152 644 unum
3173 605 3313 664 pec-

1749 673 1960 729 catum
1989 687 2126 731 esse
2161 690 2413 749 poenam
2441 673 2696 735 alterius
2725 675 2934 754 quoad
2958 677 3316 754 permissio-

1752 779 1903 822 nem
1933 769 1996 824 et
2045 763 2512 828 derelictionem
2543 768 2678 842 Dei,
2719 768 2820 828 vel
2861 769 3050 830 etiam
3101 772 3312 848 quoad

1748 854 2060 918 beneficia
2090 876 2230 936 quae
2260 862 2428 921 Deus
2475 861 2736 938 confert,
2772 862 3024 942 quando
3077 865 3311 924 homini

1750 956 1896 1011 sunt
1943 951 2153 1013 futura
2201 953 2268 1014 in
2323 955 2717 1016 occasionem
2754 957 3078 1034 peccandi.
3135 959 3312 1018 Ratio

1747 1063 1895 1106 vero
1931 1051 2048 1118 est,
2079 1046 2246 1124 quia,
2275 1049 2418 1110 licet
2451 1050 2672 1129 punire
2702 1050 2780 1110 sit
2806 1050 3066 1124 bonum,
3099 1058 3312 1112 tamen

1748 1156 1877 1198 non
1908 1144 2055 1200 sunt
2078 1138 2368 1203 facienda
2395 1143 2584 1216 mala,
2612 1149 2681 1204 ut
2702 1144 2954 1206 veniant
2978 1144 3170 1218 bona,
3197 1163 3314 1205 nec

1748 1231 1960 1292 minus
1989 1240 2302 1312 repugnat
2329 1235 2460 1298 Deo
2493 1243 2748 1317 propter
2781 1237 2948 1298 hunc
2979 1237 3170 1299 finem
3221 1238 3317 1298 in·-

1750 1324 1983 1387 ducere
2009 1326 2090 1388 ad
2115 1327 2352 1390 malum
2369 1329 2472 1390 vel
2498 1349 2636 1392 esse
2657 1348 2912 1392 causam
2931 1331 3088 1410 ejus,
3120 1349 3310 1410 quam

1749 1425 2009 1498 propter
2053 1419 2208 1480 alios
2263 1421 2424 1482 fines
2459 1422 2680 1484 bonos,
2715 1423 2898 1484 Punit
2943 1441 3094 1504 ergo
3141 1427 3310 1486 Deus

1748 1512 2166 1591 permittendo
2181 1533 2414 1575 novum
2427 1523 2756 1595 peccatum
2767 1517 3008 1578 ratione
3031 1518 3308 1592 alteriue,

1748 1623 1876 1666 non
1904 1605 2216 1667 faciendo.
2259 1608 2415 1684 Im0,
2457 1616 2525 1670 ut
2547 1610 2836 1688 superius
2886 1629 2962 1671 ex
3013 1612 3309 1672 Anselmo

1752 1699 2376 1778 argumentabamur‚
2410 1703 2530 1764 hoc
2566 1703 2702 1782 ipso
2743 1703 2910 1782 quod
2952 1705 3118 1764 Deus
3147 1711 3312 1766 esset

1752 1799 1975 1853 auctor
2021 1793 2223 1867 illius,
2267 1796 2368 1856 vel
2414 1795 2648 1857 faceret
2693 1814 2809 1858 nos
2857 1795 3064 1856 facere
3104 1796 3262 1859 illud
3295 1843 3310 1866 .

1742 1884 1877 1963 jam
1921 1903 2052 1944 non
2105 1893 2268 1948 esset
2303 1895 2654 1966 peccatum,
2703 1893 2764 1950 et
2815 1888 2904 1950 sic
2961 1907 3090 1950 non
3147 1894 3314 1949 esset

1748 1995 1980 2058 magna
2005 1998 2234 2058 poena;
2281 1981 2532 2060 propria
2563 2000 2713 2062 ergo
2763 1999 2954 2068 poena
3005 1987 3100 2044 est
3144 1983 3312 2062 quod

1746 2073 2160 2151 permittatur.

1749 2255 2098 2336 Scripturoe
2137 2259 2528 2337 quorwmclam
2557 2258 3033 2323 testimoniorum
3080 2261 3312 2342 exposi-

2304 2353 2391 2414 tio
2417 2355 2752 2430 refutatur.

1826 2541 1886 2601 9.
1931 2541 2058 2602 Nec
2105 2540 2317 2602 minus
2355 2541 2696 2621 rejicienda
2725 2549 2820 2606 est
2851 2561 3072 2606 eorum
3120 2547 3311 2610 inter-

1746 2635 2034 2712 pretatiO,
2061 2634 2167 2712 qui
2186 2634 2393 2696 dicere
2423 2637 2660 2699 audent
2685 2638 2886 2701 Deum
2912 2657 3040 2700 non
3067 2645 3310 2701 tantum

1746 2726 2132 2805 permittere,
2167 2729 2278 2788 scd
2322 2730 2508 2790 etiam
2549 2731 2793 2792 efficere
2845 2732 3310 2813 indurationem

1746 2819 2094 2898 peccatoris
2147 2840 2296 2884 vere
2357 2841 2430 2885 ac
2485 2825 2757 2904 proprie.
2817 2825 2994 2888 Unde
3036 2826 3314 2890 inferunt

1746 2914 1948 2974 Deum
1997 2933 2136 2976 esse
2175 2933 2390 2976 veram
2437 2935 2716 2988 causam,
2751 2923 2814 2979 et
2848 2925 3170 2980 auctorem
3221 2921 3312 2982 in-

1748 3003 2092 3066 durationis
2121 3025 2234 3086 per
2259 3007 2568 3070 actionem
2597 3011 2951 3089 positivam,
2981 3019 3042 3072 et
3075 3011 3309 3074 directe

1746 3099 2176 3161 intendentem
2205 3101 2394 3165 talem
2425 3101 2712 3164 effectum
2738 3123 2752 3178 ;
2789 3104 2886 3165 hae
2909 3123 3181 3185 namque
3215 3105 3311 3167 in-

1744 3195 2226 3271 terpretationes
2263 3196 2450 3275 longe
2507 3215 2545 3256 a
2591 3198 2852 3259 veritate
2914 3200 3176 3271 distant,
3229 3200 3308 3261 ab

1748 3286 2032 3347 omnium
2059 3288 2430 3351 Sanctorum
2473 3289 3112 3369 interpretationib11S‚
3169 3300 3231 3355 et
3271 3314 3308 3353 a

1747 3382 2068 3442 communi
2107 3383 2632 3444 Scholasticorum
2682 3384 2986 3445 doctrina.
3035 3388 3304 3461 Etenim,

1746 3491 1891 3533 cum
1933 3472 2246 3535 induratio
2277 3475 2432 3535 nihil
2459 3475 2634 3537 aliud
2673 3476 2749 3537 sit
2781 3494 2971 3554 quam
3001 3478 3309 3541 inhaeren-

1744 3566 1855 3641 tia,
1890 3567 1992 3627 vel
2029 3568 2371 3647 pertinacia
2397 3569 2733 3631 voluntatis
2768 3571 2832 3630 in
2861 3572 3051 3645 ma10,
3081 3574 3179 3633 vel
3203 3591 3308 3633 vo-

1744 3660 2015 3721 luntaria
2053 3660 2528 3741 impoenitentia,
2565 3669 2674 3724 aut
2719 3665 3070 3727 resistentia
3117 3684 3308 3745 quam

1743 3759 2035 3834 peccator
2077 3754 2226 3816 facit
2275 3756 2498 3817 divinae
2527 3757 2870 3831 vocationi,
2927 3759 3079 3837 quid
3133 3760 3304 3821 aliud

1744 3854 1839 3909 est
1873 3848 2080 3910 facere
2107 3850 2309 3909 Deum
2337 3868 2484 3912 vere
2517 3869 2591 3912 ac
2614 3852 2866 3930 proprie
2895 3858 3216 3915 auctorem
3241 3858 3304 3915 et

1744 3960 2000 4003 causam
2029 3941 2442 4005 indurationis
2465 3988 2482 4017 ,
2530 3944 2648 4005 nisi
2679 3945 2885 4005 facere
2940 3945 3114 4005 illum
3153 3965 3300 4009 vere

1704 4046 1717 4057 ·
1744 4054 1817 4097 ac
1846 4034 2096 4115 proprie
2129 4054 2385 4097 causam
2425 4042 2487 4097 et
2520 4041 2844 4098 auctorem
2874 4039 3153 4116 peccati?
3203 4039 3300 4101 Ad

1741 4130 1895 4201 haec,
1919 4129 1969 4189 si
1989 4128 2158 4189 Deus
2188 4130 2308 4191 hoc
2334 4129 2522 4190 modo
2556 4130 2816 4210 positive
2844 4130 3118 4203 indurat,
3149 4150 3300 4209 ergo

1742 4221 1970 4283 eodem
2009 4221 2198 4283 modo
2246 4222 2497 4301 decipit,
2535 4228 2596 4283 et
2623 4230 2935 4296 excaecat,
2985 4244 3058 4284 ac
3089 4243 3298 4286 errare

1744 4315 1919 4376 facit:
1961 4333 2138 4394 aeque
2173 4316 2344 4377 enim
2375 4316 2452 4377 de
2505 4316 2603 4377 his
2654 4319 2946 4381 omnibus
2983 4320 3300 4398 Scriptura

1741 4408 2064 4487 loquitur3
2125 4410 2408 4488 sequitur
2445 4427 2594 4487 ergo
2650 4412 2848 4472 Deum
2909 4413 3042 4473 haec
3091 4413 3301 4473 omnia

1740 4502 2001 4581 positive
2057 4501 2310 4575 facere3
2363 4521 2514 4583 ergo
2569 4510 2630 4564 et
2698 4505 2946 4565 mentiri
2997 4505 3300 4567 falsumve

1740 4595 1946 4656 dicere
1968 4594 2270 4668 doceant;
2305 4614 2474 4669 nam,
2503 4596 2552 4657 si
2583 4596 2915 4657 verborum
2938 4600 3301 4678 proprietati

1738 4687 2097 4765 materiali(
2129 4694 2198 4749 ut
2240 4689 2328 4749 sic
2373 4690 2636 4767 loquar)
2677 4690 2970 4751 standum
3019 4697 3133 4760 est,
3183 4692 3304 4753 hoc

1740 4780 1990 4859 proprie
2035 4780 2344 4857 significat
2386 4780 2674 4859 decipere
2699 4826 2713 4853 ‚
2761 4789 2870 4843 aut
2919 4786 2985 4845 in
3025 4802 3303 4845 errorem

1740 4874 2060 4934 inducere.
2097 4875 2174 4934 At
2209 4874 2414 4935 Sancti
2470 4875 2683 4935 Patres
2733 4876 2865 4937 haec
2917 4876 3124 4937 omnia
3165 4894 3304 4955 per-

1738 4966 1990 5027 missive
2025 4967 2530 5045 interpretantur,
2567 4974 2979 5047 asserantque
3019 4970 3158 5030 idco
3208 4969 3304 5027 in-

1737 5061 1984 5121 terdum
2034 5059 2155 5122 dici
2196 5060 2394 5119 Deum
2445 5059 2755 5121 obdurare
2781 5106 2796 5133 ‚
2854 5079 3190 5133 excaecare,
3231 5081 3306 5123 ac

1739 5154 2030 5215 deserere
2065 5153 2362 5231 aliquem,
2394 5152 2540 5233 quia
2569 5153 2633 5213 in
2666 5172 2918 5232 poenam
2947 5154 3306 5233 praeceden-

1736 5248 1897 5307 tium
1930 5245 2302 5307 delictorum
2325 5292 2342 5319 ,
2391 5265 2509 5307 nec
2541 5246 2648 5308 dat
2709 5248 2973 5325 gratiam
3025 5266 3150 5325 qua
3195 5265 3304 5308 cor

1742 5338 2039 5411 emolliat,
2073 5358 2192 5401 nec
2225 5340 2442 5401 lumen
2469 5357 2596 5418 quo
2625 5340 2922 5401 tenebras
2947 5340 3174 5400 mentis
3197 5358 3306 5400 ex-

1741 5432 1973 5513 pellat;
2028 5438 2090 5492 et
2130 5432 2492 5495 occasiones
2519 5432 2746 5493 erroris
2800 5438 2862 5493 et
2898 5430 3309 5492 indurationis

1744 5526 1848 5588 vel
1886 5524 2023 5587 fieri
2053 5524 2218 5600 sinit,
2249 5524 2349 5585 vel
2365 5524 2682 5597 interdum
2711 5523 2878 5595 facit,
2911 5542 3040 5583 non
3071 5542 3146 5584 eo
3178 5526 3308 5584 ani-
