3850 6225
514 404 637 467 476

516 509 635 571 illis
660 509 881 581 tribus,
912 526 1055 587 quae
1081 508 1351 570 aureoloe
1378 508 1671 570 dicuntur
1702 526 1718 581 ;
1764 514 1827 569 et
1866 507 1944 569 de
1975 508 2080 567 illo

514 606 753 666 honore
794 604 1121 665 assistendi
1168 604 1517 683 specialiter
1552 604 1619 663 in
1663 604 1881 663 ultimo
1916 602 2082 682 judi-

514 698 610 759 cio
640 698 879 757 Christo
907 696 1235 777 judicanti,
1284 698 1389 775 qui
1435 698 1813 776 promittitur
1841 713 2079 775 paupe-

512 791 687 853 ribus
714 791 933 870 spiritu
960 810 975 863 ;
1006 796 1069 851 et
1096 791 1173 851 de
1204 790 1341 851 aliis
1370 789 1699 862 similibus,
1745 808 1883 869 quae
1910 794 2080 849 recte

514 885 945 965 adjunguntur
978 884 1239 963 praemio
1284 884 1635 957 essentiali,
1682 884 1815 943 sine
1852 882 1958 943 illo
1987 888 2082 941 ta-

512 997 659 1041 men
687 997 815 1040 non
842 980 1199 1040 sufficerent
1222 977 1301 1038 ad
1324 978 1432 1039 Dei
1458 978 1934 1059 promissionem
1963 976 2082 1035 im-

511 1072 831 1153 plendam,
880 1090 1089 1149 neque
1142 1072 1463 1133 efficerent
1502 1071 1823 1133 hominem
1878 1070 2081 1149 magis

512 1166 877 1246 gloriosum,
914 1166 1311 1227 authentum
1348 1165 1733 1245 simpliciter,
1782 1184 1932 1225 nam
1979 1163 2082 1224 ille

512 1266 607 1321 est
634 1259 997 1339 simpliciter
1034 1258 1299 1331 beatior,
1350 1265 1413 1320 ct
1450 1258 1657 1337 majus
1704 1257 1894 1319 babet
1924 1274 2085 1336 prae-

510 1352 710 1413 mium
746 1350 1135 1425 meritorum,
1187 1352 1297 1431 qui
1340 1351 1407 1411 in
1456 1350 1771 1413 essentiali
1816 1348 2084 1410 beatitu-

512 1446 657 1507 dine
712 1450 990 1525 superat,
1036 1446 1437 1523 quantumvis
1488 1446 1647 1505 alius
1700 1444 1964 1505 excedat
2017 1442 2082 1503 in

508 1540 936 1620 praerogativis
974 1538 1485 1608 accidentalibus,
1526 1538 1673 1617 quia
1700 1538 1911 1597 omnia
1959 1536 2082 1597 alia

510 1632 976 1711 comparatione
1006 1632 1315 1693 fruitionis
1352 1632 1547 1710 ipsius
1574 1630 1683 1691 Dei
1712 1630 1895 1709 quasi
1922 1628 2080 1689 nihil

510 1730 676 1785 sunt.
712 1724 779 1787 Si
812 1742 959 1785 vero
990 1725 1115 1785 duo
1148 1725 1452 1786 babentes
1478 1724 1719 1803 aequale
1751 1723 2078 1801 proemium

510 1816 867 1888 essentiale,
898 1818 959 1879 in
1001 1818 1495 1879 accidentalibus
1544 1816 1884 1895 inaequales
1929 1815 2074 1885 sint,

510 1910 613 1971 ille
654 1910 759 1990 qui
796 1912 975 1991 plura
1034 1912 1441 1973 accidentalia
1484 1910 1794 1982 habuerit,
1854 1928 2080 1971 secun-

510 2003 661 2063 dum
694 2005 845 2083 quid
884 2006 999 2067 erit
1025 2006 1291 2079 beatior,
1334 2024 1459 2067 non
1493 2004 1889 2083 simpliciter;
1931 2003 2078 2081 quia

509 2098 833 2160 beatitudo
860 2100 1219 2179 simpliciter
1248 2106 1341 2161 est
1368 2099 1583 2159 ultima
1610 2098 1895 2168 felicitae,
1929 2099 1992 2157 et
2015 2096 2080 2157 in

510 2191 629 2251 bac
660 2198 805 2254 sunt
836 2193 1129 2271 aequales.
1166 2194 1360 2273 Igitur
1386 2191 1797 2253 accidentalia
1826 2190 2082 2268 praemia

508 2284 663 2345 nihil
704 2286 931 2365 juvant
976 2286 1055 2346 ad
1094 2286 1265 2347 illam
1314 2285 1691 2347 sententiam
1736 2283 2084 2345 defenden-

509 2376 679 2452 dam,
714 2396 789 2439 eo
826 2380 925 2439 vel
956 2380 1225 2439 maxime
1266 2378 1457 2458 quod,
1500 2383 1809 2457 quantum
1842 2380 2084 2455 spectat

510 2470 591 2531 ad
630 2478 1002 2549 proesentem
1050 2471 1457 2551 quaestionem
1508 2470 1589 2531 de
1648 2469 2080 2532 rexiviscentia

508 2562 899 2637 meritorum,
918 2564 1053 2644 jam
1084 2582 1271 2644 supra
1301 2570 1625 2625 ostensum
1653 2568 1901 2623 estnon
1932 2561 2082 2622 satis

509 2673 648 2717 esse
674 2657 1057 2719 accidentale
1089 2656 1443 2739 preamium,
1477 2663 1545 2717 ut
1577 2656 1679 2717 illa
1708 2654 2076 2717 reviviscere

508 2748 817 2809 dicantur.

512 2946 641 3013 Cur
674 2946 953 3031 plurim
988 2946 1222 3013 actibus
1257 2966 1377 3013 m
1410 2948 1668 3011 intensis
1720 2948 2076 3027 respondeat

948 3042 1257 3105 intonsum
1270 3042 1629 3123 praemium?

587 3217 687 3277 48.
719 3215 841 3276 Sed
864 3221 1100 3294 quaeret
1121 3215 1221 3276 hic
1246 3216 1500 3278 tandem
1530 3214 1755 3294 aliquis
1784 3233 1896 3276 cur
1920 3215 2079 3276 mul·

506 3307 755 3371 titudini
787 3314 1039 3369 actuum
1070 3309 1177 3388 qui
1206 3328 1333 3370 non
1382 3309 1620 3370 faciunt
1648 3327 1845 3370 unum
1872 3308 2080 3369 inten-

508 3403 762 3473 siorem,
786 3419 911 3462 uon
942 3401 1321 3480 respondeat
1348 3401 1539 3462 etiam
1566 3400 1899 3462 multitudo
1926 3419 2082 3480 proe-

506 3495 803 3565 mierum,
840 3493 953 3554 sed
994 3511 1196 3554 unum
1226 3500 1287 3554 et
1316 3494 1483 3554 idem
1522 3493 1848 3574 praemium
1878 3493 2082 3554 inten-

506 3587 661 3658 sius;
696 3584 1004 3646 servanda
1044 3593 1137 3646 est
1170 3586 1339 3646 enim
1373 3587 1691 3666 proportio
1730 3586 1895 3648 inter
1926 3603 2080 3664 proe-

504 3681 705 3740 mium
726 3685 787 3740 et
806 3678 1102 3740 meritum
1128 3697 1145 3752 ;
1174 3679 1303 3740 haec
1332 3684 1540 3740 autem
1572 3685 1856 3740 servatur
1883 3678 1946 3738 in
1973 3678 2078 3739 illo

505 3772 700 3854 priori
744 3771 958 3844 modo,
1016 3789 1143 3832 non
1182 3771 1427 3832 veroin
1467 3770 1816 3851 posteriori.
1863 3769 2077 3833 Simile

504 3865 767 3926 dubium
796 3870 893 3924 est
942 3882 1055 3924 cur
1094 3863 1352 3924 virtutes
1394 3863 1606 3940 variae,
1638 3869 1701 3924 et
1730 3863 2078 3924 secundum

506 3965 681 4018 actus
728 3955 1151 4036 perfectiores,
1192 3960 1329 4017 tum
1370 3957 1433 4016 in
1476 3956 1746 4017 essentia
1780 3999 1796 4028 ,
1840 3962 1974 4018 tum
2010 3956 2078 4016 in

506 4049 910 4132 perfectione,
946 4067 1165 4110 omnes
1194 4055 1573 4110 concurrant
1600 4049 1683 4110 ad
1710 4048 2076 4128 augendum

506 4161 701 4204 unum
756 4148 821 4203 et
868 4143 1034 4204 idem
1092 4143 1440 4222 praemium,
1500 4149 1561 4204 et
1612 4146 2078 4220 consequenter

503 4237 695 4298 etiam
725 4235 805 4296 ad
836 4233 1198 4315 augendum
1242 4235 1525 4296 habitum
1566 4235 1911 4306 charitatis,
1963 4233 2076 4313 qui

504 4329 625 4390 erit
648 4346 947 4390 mensura
994 4328 1159 4388 illius
1188 4327 1451 4406 praemii,
1484 4335 1553 4390 ut
1580 4329 1773 4390 sentit
1808 4329 1880 4388 D.
1914 4329 2080 4390 Tho-

503 4439 641 4482 mas
665 4467 681 4494 ‚
719 4423 746 4482 l
781 4439 873 4500 p.,
921 4425 1139 4501 quaest.
1174 4421 1287 4494 12,
1322 4427 1438 4482 art.
1471 4422 1533 4482 6.
1563 4419 1938 4501 Respondeo
1971 4438 2078 4482 ea·-

502 4513 649 4574 dem
694 4513 935 4574 ratione
978 4511 1351 4592 interrogari
1402 4531 1589 4592 posse
1632 4513 1825 4592 (quod
1852 4513 2076 4576 Scotus

506 4605 843 4684 aliquando
894 4623 933 4666 a
988 4605 1059 4666 D.
1103 4605 1343 4666 Thoma
1394 4605 1701 4684 postulat)
1740 4625 1852 4668 cur
1896 4611 2076 4668 actus

506 4698 849 4770 chax-itatiS‚
878 4696 987 4778 qui
1014 4704 1107 4758 cst
1140 4697 1200 4758 in
1232 4697 1573 4769 voluntate,
1622 4697 1883 4778 recipiat
1920 4715 2076 4790 prae·

504 4791 701 4851 mium
738 4791 803 4850 in
842 4789 1162 4852 intellectu
1207 4809 1321 4870 per
1366 4791 1479 4852 Dei
1527 4790 1850 4850 visionem.
1896 4791 2074 4851 Ratio

507 4901 657 4964 ergo
688 4883 1001 4964 generalis
1042 4887 1159 4958 est,
1192 4885 1335 4962 quia
1364 4883 1553 4944 homo
1579 4885 1645 4944 in
1688 4883 1803 4946 hac
1831 4883 1950 4944 vita
1981 4889 2076 4944 est

504 4977 899 5049 constitutuS,
954 4981 1025 5036 ut
1060 4994 1245 5036 suum
1280 4975 1565 5038 ultimum
1610 4975 1805 5037 tinem
1850 4995 2070 5038 conse-

506 5075 756 5148 quatur,
799 5087 929 5130 non
956 5087 1085 5130 uno
1114 5069 1214 5128 vel
1244 5069 1363 5129 alio
1406 5087 1663 5147 genere,
1706 5087 1821 5130 scu
1858 5069 2068 5148 specie

506 5169 786 5234 actuum,
816 5163 930 5223 sed
970 5162 1262 5222 omnibus
1304 5162 1433 5222 suis
1462 5163 1811 5224 actionibus
1844 5162 2069 5224 huma-

506 5256 627 5330 nis,
668 5253 719 5315 si
762 5260 1181 5316 consentanee
1228 5253 1311 5314 ad
1346 5253 1521 5315 illum
1548 5253 1739 5316 finem
1772 5273 1881 5316 eas
1917 5255 2068 5316 velit

506 5347 773 5428 operari.
814 5347 971 5408 Hinc
1016 5364 1166 5426 ergo
1196 5351 1385 5408 estut
1430 5347 1761 5408 essentiale
1790 5348 2072 5410 omnium

504 5439 727 5502 talium
768 5457 1033 5518 operum
1072 5443 1399 5519 praemium
1440 5439 1522 5501 sit
1551 5441 1805 5520 propria
1848 5447 1911 5501 et
1945 5441 2076 5503 for-

506 5531 689 5596 malis
716 5533 1073 5596 consecutio
1104 5533 1292 5614 hujus
1326 5531 1492 5606 finis,
1524 5550 1664 5615 quae
1692 5551 1819 5594 una
1848 5533 1982 5596 sola
2009 5534 2075 5596 in

1092 406 1303 461 OPUSC.
1338 409 1399 463 V.
1436 410 1741 463 aemerio
1774 410 1855 463 1>ss
1888 408 2362 462 tit-:vtvtscm'rta
2397 408 2776 463 antinoum.
2816 410 3052 463 msPU'r.
3087 412 3150 463 11.

2162 526 2549 587 unoquoque
2587 508 2774 569 beato
2821 527 2960 569 esse
3011 511 3216 587 potest
3269 526 3346 568 ac
3375 507 3594 579 debet,
3639 525 3726 567 se·-

2163 602 2440 664 cundum
2497 604 2971 665 convenientem
3027 603 3312 663 ordinem
3381 621 3632 669 rerum;
3673 610 3724 663 et

2163 696 2304 757 ideo
2327 716 2454 757 non
2471 698 2747 777 potuitin
2765 698 2871 757 tali
2895 696 3144 777 praemio
3163 714 3305 757 esse
3321 703 3722 776 augmentum

2162 789 2548 850 extensivum
2581 791 2928 851 secundum
2953 789 3418 851 multitudinem
3450 790 3726 867 praemio-

2159 900 2302 943 rum
2331 883 2794 956 essentialium3
2827 883 3044 944 debuit
3073 902 3222 961 ergo
3247 901 3388 943 esse
3431 901 3728 961 augmen-

2163 982 2297 1037 tum
2325 975 2701 1037 intensivum
2753 976 3040 1056 ejusdem
3075 974 3428 1037 essentialis
3475 975 3722 1054 praemii.

2161 1070 2232 1131 In
2261 1067 2358 1129 his
2387 1070 2558 1130 enim
2596 1070 2787 1131 rebus
2828 1068 3172 1129 moralibus
3205 1087 3333 1129 non
3377 1075 3512 1130 tam
3539 1076 3632 1128 est
3653 1075 3728 1129 at-

2163 1162 2484 1223 tendenda
2519 1163 2840 1243 proportio
2866 1161 3152 1243 physica,
3173 1179 3368 1240 quam
3393 1162 3656 1223 moralis
3673 1166 3726 1223 et

2161 1256 2442 1337 prudens
2477 1257 2842 1328 aestimatio:
2879 1256 3214 1317 causalitas
3261 1262 3482 1317 autem
3539 1258 3726 1317 meriti

2163 1350 2418 1411 moralis
2447 1350 2798 1411 secundum
2828 1350 3203 1429 prudentem
3251 1349 3724 1411 {estimationem

2165 1449 2260 1505 est
2293 1444 2358 1503 in
2399 1442 2800 1505 multitudine
2831 1461 3118 1522 operum,
3155 1460 3298 1521 quae
3343 1442 3430 1503 ad
3463 1442 3724 1521 aliquem

2161 1536 2354 1597 finem
2371 1583 2392 1613 ,
2434 1537 2532 1598 cui
2585 1544 2734 1597 sunt
2787 1535 3280 1617 proportionata,
3313 1537 3720 1608 ordinantur3

2159 1629 2536 1708 aequivalent
2583 1630 2756 1691 enim
2785 1630 2896 1690 uni
2940 1629 3292 1709 operationi
3323 1629 3682 1709 perfectiori
3707 1674 3720 1701 ‚

2157 1724 2258 1783 vel
2290 1724 2352 1783 in
2385 1724 2763 1796 intensione,
2795 1722 2894 1784 vel
2937 1723 3002 1783 in
3045 1722 3341 1793 essentia,
3391 1726 3460 1783 et
3493 1724 3724 1783 caetcris

2161 1817 2440 1896 paribuS,
2477 1824 2716 1896 augent
2751 1817 3054 1879 moralem
3079 1817 3358 1877 valorem
3397 1816 3466 1877 in
3517 1816 3724 1877 ordine

2161 1911 2242 1971 ad
2279 1910 2718 1991 perfectiorem
2743 1910 3124 1971 mercedem.
3147 1910 3406 1971 Accedit
3431 1916 3726 1989 praeterea

2163 2004 2332 2083 quod
2351 2004 2708 2084 hujusmodi
2725 2005 3122 2083 operationes
3150 2021 3228 2064 ex
3255 2004 3569 2083 dignitate
3595 2023 3724 2081 gm-

2161 2098 2263 2159 tiae
2303 2098 2618 2177 accipiunt
2655 2094 2953 2177 maguam
2993 2096 3478 2157 estimationem
3515 2100 3582 2157 et
3627 2116 3726 2157 va·

2161 2191 2360 2253 lorem
2391 2190 2696 2251 moralem
2729 2192 2794 2251 in
2835 2190 3054 2251 ordine
3081 2192 3164 2252 ad
3195 2190 3320 2251 tale
3371 2193 3718 2270 praemium.

2165 2284 2335 2345 Sicut
2361 2285 2426 2343 in
2459 2284 2702 2345 Christo
2735 2286 2996 2345 Domino
3021 2284 3282 2363 quilibet
3309 2291 3520 2357 actus,
3543 2304 3722 2364 quan·

2163 2376 2392 2437 tumvis
2429 2377 2751 2449 remissuS,
2781 2378 3056 2440 babebat
3093 2378 3374 2439 valorem
3409 2378 3496 2438 ad
3519 2398 3718 2457 quarn-

2163 2486 2434 2547 cumque
2488 2468 2911 2531 intensionem
2973 2469 3188 2547 gratiae
3245 2470 3713 2548 promerendam

2161 2562 2244 2622 ob
2297 2561 2663 2641 dignitatem
2693 2580 3024 2639 personae;
3057 2568 3120 2623 et
3157 2582 3234 2623 ex
3271 2562 3502 2623 eadem
3541 2564 3712 2624 habe·

2161 2654 2270 2715 bat
2297 2655 2559 2733 quilibet
2609 2662 2786 2715 aetus
2831 2656 3086 2715 moralis
3135 2656 3380 2715 virtutis
3417 2657 3713 2717 sufficien-

2157 2748 2308 2810 tiam
2365 2746 2444 2807 ad
2495 2748 2978 2827 promerendam
3037 2748 3306 2827 gratiam
3357 2754 3421 2809 et
3472 2749 3710 2809 virtutes

2157 2840 2596 2919 TheologaleS,
2621 2846 2684 2902 et
2707 2859 3140 2920 quascumque
3171 2842 3332 2901 alias
3352 2842 3710 2920 cuicumque

2159 2952 2468 3014 personoe,
2509 2940 2570 2994 et
2609 2934 2674 2993 in
2703 2952 3104 3013 quocumque
3153 2935 3378 3013 gradu.
3419 2936 3514 2997 Ad
3541 2936 3712 3014 hujus

2163 3045 2313 3106 ergo
2343 3026 2752 3087 imitationem
2785 3030 2952 3105 (non
2999 3027 3079 3088 ad
3119 3029 3604 3107 (equalitatem),
3645 3048 3710 3089 eo

2160 3121 2332 3201 quod
2365 3120 2564 3200 gratia
2592 3121 2672 3181 sit
2703 3139 2920 3182 semen
2945 3122 3182 3202 gloriae,
3225 3139 3446 3184 omnes
3489 3123 3710 3184 fructus

2159 3215 2242 3274 ab
2281 3213 2384 3274 illa
2433 3221 2766 3275 manantes
2815 3215 3051 3277 babent
3105 3216 3574 3296 proportionem
3607 3261 3624 3286 ,
3657 3223 3710 3276 et

2161 3308 2438 3368 valorem
2483 3307 2564 3368 ad
2597 3307 2780 3369 illam
2835 3309 3324 3388 promerendam
3379 3317 3442 3372 et
3489 3329 3711 3389 augen-

2162 3401 2330 3461 dam.
2365 3402 2573 3462 Potest
2621 3401 2811 3462 etiam
2849 3401 3032 3463 aliter
3074 3403 3404 3483 explicari,
3437 3404 3584 3481 quia
3613 3403 3711 3463 ho-

2159 3511 2264 3554 mo
2286 3495 2496 3572 justus
2520 3513 2634 3574 per
2657 3494 2866 3556 omnia
2893 3513 3086 3574 opera
3113 3498 3354 3574 gratiae,
3373 3497 3708 3576 cujuscum-

2161 3604 2284 3665 que
2331 3587 2566 3648 ordinis
2593 3594 2658 3650 et
2687 3587 3058 3650 intensionis
3101 3590 3246 3664 sint,
3279 3591 3600 3651 moraliter
3637 3591 3709 3650 lo—

2161 3682 2437 3760 quendo,
2481 3683 2682 3762 magis
2721 3702 2796 3744 ac
2833 3684 3036 3762 magis
3079 3680 3522 3758 sanctificatur,
3546 3687 3706 3766 juxta

2159 3775 2314 3836 illud
2353 3777 2546 3855 Apoc.
2580 3777 2711 3837 ult:
2757 3777 2876 3850 Qui
2911 3779 3132 3856 jutus
3185 3782 3276 3840 esi
3295 3823 3316 3852 ‚
3347 3779 3706 3857 ‚instificetur

2161 3869 2356 3932 adhuc
2378 3893 2406 3942 ‚·
2447 3875 2510 3928 et
2539 3869 2709 3948 quod
2735 3869 2813 3930 de
2846 3870 3088 3930 Christo
3114 3868 3387 3930 Domino
3427 3871 3700 3947 scriptum

2160 3967 2276 4032 est,
2311 3961 2458 4022 Luc.
2489 3963 2550 4032 2,
2581 3961 2752 4039 quod
2779 3961 3144 4040 proficiebat
3171 3963 3400 4042 gratia,
3431 3963 3598 4023 multi
3621 3963 3702 4020 in·

2159 4053 2448 4132 telligunt
2479 4071 2618 4115 esse
2649 4053 2884 4116 dictum
2909 4063 3168 4134 propter
3195 4073 3393 4134 opera
3435 4056 3701 4116 sauctita-

2157 4146 2236 4208 tis
2269 4163 2410 4224 quae
2453 4147 2516 4207 in
2561 4147 2698 4206 dies
2725 4147 3202 4227 multiplicabat.
3235 4148 3412 4210 Sicut
3453 4151 3627 4210 etiam
3669 4166 3696 4208 e

2157 4239 2470 4301 contrario
2517 4239 2808 4317 injustus,
2845 4240 3318 4320 multiplicando
3353 4259 3536 4320 opera
3579 4259 3700 4320 pec-

2157 4338 2464 4404 catorum,
2512 4333 2756 4394 etiamsi
2801 4333 3144 4394 intensiora
3173 4351 3302 4394 non
3345 4333 3490 4406 sint,
3515 4353 3698 4394 mora-

2157 4425 2298 4486 liter
2337 4425 2410 4486 fit
2445 4425 2507 4486 in
2541 4425 2682 4487 dies
2717 4427 2920 4506 magis
2971 4427 3242 4506 injustus
3283 4427 3454 4506 apud
3497 4429 3693 4495 Deum,
3804 4417 3805 4420 ¹

2157 4523 2222 4579 et
2253 4517 2481 4597 dignus
2509 4518 2732 4596 majori
2751 4519 3078 4598 supplicio,
3101 4536 3230 4580 non
3261 4521 3464 4580 solum
3485 4521 3542 4580 in
3555 4518 3695 4580 mul—

2157 4610 2422 4672 titudine
2452 4629 2808 4690 poenarum,
2847 4612 2962 4673 sed
2989 4612 3052 4672 in
3083 4614 3438 4674 intensione
3477 4631 3691 4684 earum,

2157 4711 2222 4764 et
2263 4704 2534 4766 maxime
2571 4706 2634 4764 in
2679 4721 2870 4784 poena
2903 4706 3243 4780 essentiali,
3289 4725 3430 4785 quae
3463 4725 3692 4785 respon-

2157 4795 2266 4858 det
2303 4795 2422 4856 illis
2451 4797 2742 4876 peccatis,
2775 4802 2843 4858 ut
2867 4797 3242 4860 deordinant
3289 4799 3372 4860 ab
3405 4800 3608 4860 ultimo
3631 4797 3694 4858 fi-

2155 4903 2275 4965 ne;
2317 4889 2406 4950 ita
2433 4907 2584 4970 ergo
2603 4889 2828 4968 majori
2851 4891 3092 4952 ratione
3121 4891 3543 4972 multiplicatio
3565 4909 3690 4970 ope-

2153 5000 2296 5044 rum
2343 4981 2563 5060 gratia
2611 4982 2933 5044 moraliter
2977 4983 3298 5046 constituit
3345 4985 3690 5046 sanctiorem

2153 5074 2476 5136 hominem
2507 5119 2526 5149 ,
2571 5082 2633 5138 et
2663 5076 2804 5137 ideo
2825 5075 3016 5138 habet
3039 5080 3504 5156 proportionem
3525 5085 3582 5140 et
3603 5095 3687 5136 ra-

2153 5165 2376 5240 lorem,
2411 5175 2479 5229 ut
2505 5186 2864 5230 mereamur
2887 5188 3106 5231 verum
3133 5179 3536 5250 augmentum
3555 5172 3687 5249 phy·

2153 5259 2354 5322 sicum
2385 5260 2642 5324 internae
2671 5262 3014 5324 sanctitatis
3055 5263 3390 5326 habitualis
3419 5269 3478 5326 et
3513 5265 3684 5324 inhae·

2153 5353 2350 5415 rantis
2377 5355 2626 5428 animae,
2669 5361 2734 5416 et
2773 5362 3234 5435 consequenter
3271 5357 3592 5428 charitatis»,
3633 5359 3683 5413 et

2153 5447 2394 5524 praemii
2425 5447 2796 5524 essentialis,
2827 5448 2999 5527 quod
3023 5448 3172 5510 huic
3199 5449 3500 5512 sanctitati
3539 5449 3680 5527 ejus-

2155 5555 2280 5618 que
2329 5540 2626 5622 operibus
2671 5540 3034 5622 respondet.
