3850 6225
621 384 793 437 sssc'r.
822 384 882 437 11.
920 382 1098 435 srrm:
1130 382 1195 435 m
1227 382 1349 436 0130
1378 382 1647 437 morata
1674 382 1757 435 m·
1789 380 2096 434 rotimus
2126 380 2354 435 Jusn'r.
2389 379 2854 432 continuum.

221 486 323 547 34.
370 482 649 549 Scantia
686 486 1009 549 temdum
1047 484 1363 568 specialem
1404 484 1700 548 rationem

133 578 424 659 quomodo
458 577 754 641 tribuitur
801 579 944 641 Deo.
975 610 1059 625 -
1088 577 1493 641 Praetermitto
1530 576 1701 637 aliud

136 669 501 747 exemplum
529 715 547 743 ,
599 670 769 749 quod
824 676 960 733 erat
1013 671 1093 731 de
1157 671 1410 733 scientia
1447 716 1463 745 ,
1508 686 1701 751 quam

137 762 334 822 etiam
374 762 587 824 dicunt
610 781 747 825 esse
775 764 841 824 in
885 765 1011 825 Deo
1042 764 1390 827 secundum
1420 780 1702 825 commu-

138 873 293 915 nem
337 854 679 933 quamdam
708 856 1041 931 rationem,
1086 876 1211 937 qua
1240 858 1443 919 omnis
1482 858 1699 921 notitia

138 947 404 1009 evidens
434 949 692 1010 scientia
718 956 979 1011 vocatur
998 995 1014 1023 ‚
1051 969 1180 1013 non
1226 957 1440 1013 tamen
1478 970 1701 1013 secun-

136 1042 295 1101 dum
338 1043 674 1122 specialem
721 1045 1051 1106 rationem.
1082 1046 1215 1107 Hoc
1253 1046 1421 1107 enim
1456 1046 1694 1121 omitte,

131 1140 276 1195 tum
302 1136 449 1215 quia
500 1154 726 1215 parum
764 1136 847 1197 ad
892 1154 1029 1199 rem
1054 1154 1246 1217 quam
1290 1140 1696 1215 intendimus,

138 1228 581 1307 explicandam
609 1228 841 1302 refert3
872 1234 1005 1291 tum
1037 1231 1225 1293 etiam
1263 1232 1409 1312 quia
1433 1233 1500 1293 in
1532 1234 1700 1295 bono

134 1340 328 1381 sensu
358 1321 422 1382 id
460 1320 641 1383 facile
670 1322 915 1383 admitti
950 1327 1174 1403 potest,
1210 1326 1259 1385 si
1311 1326 1377 1387 in
1413 1326 1701 1407 specifica

136 1415 385 1475 ratione
422 1415 665 1476 virtutis
694 1414 1049 1478 includatur
1074 1417 1460 1497 imperfectio
1482 1420 1701 1481 huma-

140 1525 262 1567 na:
315 1508 517 1586 qualis
546 1514 640 1569 est
671 1508 842 1588 quod
880 1526 995 1589 per
1042 1510 1396 1573 discursum
1438 1511 1570 1587 fiat,
1604 1514 1707 1575 vel

146 1600 322 1677 quod
349 1600 767 1681 distinguatur
804 1608 915 1663 ant
948 1606 1221 1684 speciem
1254 1610 1461 1668 sumat
1486 1624 1708 1669 secun-

145 1692 301 1753 dum
350 1694 515 1755 hanc
542 1694 642 1755 vel
696 1694 870 1765 illam
902 1696 1385 1760 abstractionem
1426 1699 1653 1779 objecti
1682 1745 1703 1775 ,

144 1786 245 1847 vel
312 1786 461 1867 quid
536 1788 758 1850 simile.
809 1790 873 1851 Si
931 1795 1141 1853 tamen
1200 1790 1490 1871 specifica
1545 1793 1705 1855 ratio

146 1879 421 1941 scientiae
466 1884 752 1943 sumatur
802 1884 1063 1961 praecise
1110 1902 1188 1947 ex
1229 1884 1437 1965 aliqua
1460 1885 1709 1947 habitu-

145 1970 293 2033 dine
319 1972 401 2033 ad
425 1972 764 2053 objectum,
792 1975 911 2037 sub
938 1976 1145 2057 aliqua
1175 1978 1418 2039 ratione
1452 1978 1710 2058 speciali

142 2084 183 2125 a
224 2066 407 2127 nobis
433 2069 921 2146 apprehensum,
950 2070 1039 2131 sie
1069 2088 1198 2131 non
1228 2076 1546 2151 repugnat
1574 2072 1707 2133 Deo

141 2159 421 2221 tribuere
455 2161 779 2224 scientiam
821 2163 1165 2225 secundum
1206 2164 1481 2245 aliquam
1518 2165 1711 2227 ratio-

144 2272 296 2313 nem
328 2255 528 2333 magis
562 2256 925 2335 specialem,
956 2274 1147 2339 quam
1176 2258 1256 2319 sit
1281 2258 1388 2320 illa
1427 2276 1711 2321 commu-

142 2346 407 2407 nissima
436 2347 668 2409 notitiae
706 2349 1049 2424 evidentis3
1097 2369 1246 2413 nam
1276 2352 1463 2413 etiam
1506 2369 1608 2413 ars
1648 2358 1711 2414 et

144 2440 481 2519 prudentia
521 2441 758 2503 habent
805 2443 1118 2505 evidentia
1152 2444 1421 2525 judicia,
1464 2450 1527 2507 et
1575 2446 1712 2507 haec

149 2533 618 2613 distinguuntur
665 2535 729 2596 in
761 2537 917 2611 Dec,
964 2538 1313 2599 secundum
1350 2540 1663 2600 rationem
1691 2584 1707 2613 ,

148 2632 211 2686 et
260 2626 428 2688 inter
464 2646 557 2701 se,
604 2634 668 2689 et
721 2646 759 2689 a
804 2630 1087 2691 scientia.
1140 2630 1474 2693 Possumus
1521 2631 1711 2693 etiam

147 2720 477 2799 concipere
506 2721 571 2779 in
600 2720 731 2782 Deo
766 2740 903 2783 esse
936 2722 1221 2785 notitiam
1239 2724 1572 2786 veritatum
1598 2725 1707 2786 ali-

147 2831 419 2891 quarum
460 2832 534 2874 ex
585 2814 946 2876 immediata
976 2816 1367 2879 connexione
1408 2816 1709 2880 termino—

148 2924 315 2978 rum,
340 2906 601 2967 aliarum
626 2926 777 2969 vero
820 2926 897 2970 ex
924 2908 1133 2970 medio
1165 2910 1397 2991 aliquo,
1433 2929 1560 2971 non
1596 2929 1711 2991 per

146 3000 523 3075 discursum,
558 3000 671 3062 sed
695 3020 809 3082 per
834 3002 1180 3081 simplicem
1205 3004 1501 3066 intuitum
1528 3006 1711 3066 unio-

146 3094 247 3153 nis
290 3099 711 3156 extremorum
766 3095 833 3155 in
872 3094 1079 3158 medio
1102 3143 1119 3168 ,
1172 3115 1287 3158 seu
1338 3096 1595 3161 effectus
1647 3098 1713 3159 in

148 3207 343 3248 causa
371 3207 389 3262 3
422 3189 486 3249 in
525 3208 650 3270 qua
676 3189 895 3251 notitia
913 3189 1277 3270 intelligitur
1312 3209 1448 3253 esse
1476 3191 1713 3273 aliquid

148 3282 351 3360 magis
409 3283 679 3362 speciale
727 3288 789 3344 et
841 3284 1020 3362 quasi
1069 3283 1393 3364 proprium
1440 3285 1713 3348 scientim

146 3373 486 3454 specialius
524 3375 725 3451 dictae,
761 3381 1072 3456 quatenus
1102 3376 1184 3438 ab
1207 3377 1525 3440 intellectu
1540 3378 1712 3458 prin-

146 3467 458 3548 cipiorum
478 3467 543 3528 in
566 3468 751 3530 nohis
790 3467 1211 3550 distinguitur.
1246 3469 1373 3534 Sed
1409 3471 1548 3534 hoec
1588 3471 1713 3534 sint

144 3560 299 3622 satis
328 3559 411 3623 de
456 3561 575 3623 hoc
604 3562 807 3642 primo
833 3567 1088 3642 puncto.

760 3795 997 3874 ‘sscno
1027 3795 1091 3850 11.

138 3999 289 4038 §1188
324 4001 375 4042 ut
404 3999 501 4040 uto
534 3999 741 4042 ΙΙΟΗΙΔ
770 3999 831 4050 η
852 4000 1093 4042 ”lul-18
1115 4001 1323 4045 '08²1'ss
1350 4001 1714 4044 contorum.

229 4213 261 4270 1
278 4257 291 4270 .
338 4210 513 4272 Circa
560 4212 909 4274 secundum
954 4218 1256 4295 punctum
1303 4212 1713 4294 propositum,

139 4315 215 4364 ut
244 4303 707 4365 descendamus
746 4305 827 4366 ad
853 4303 1261 4386 particulares
1292 4305 1567 4368 rationes
1588 4306 1719 4386 jus-

134 4399 329 4471 titiae,
370 4399 783 4477 supponenda
816 4405 911 4462 est
938 4399 1169 4480 duplex
1198 4399 1417 4462 divisio
1437 4402 1715 4481 justitiae,

140 4507 347 4569 quam
390 4491 745 4572 Philosophi
786 4498 848 4555 et
882 4493 1183 4572 Theologi
1236 4493 1417 4554 nobis
1465 4494 1721 4556 tradunt

141 4603 229 4644 ex
259 4585 615 4659 Aristotele,
656 4588 699 4648 9
722 4587 996 4648 Ethicor.
1034 4587 1171 4650 Una
1199 4575 1383 4648 estin
1412 4587 1719 4668 justitiam

144 4677 515 4757 generalem
546 4682 609 4739 et
646 4679 1005 4758 specialem.
1038 4679 1115 4740 Et
1141 4680 1220 4740 de
1262 4679 1451 4758 priori
1488 4697 1722 4760 magna

141 4773 579 4832 controversia
604 4778 701 4834 est
720 4791 833 4834 cur
849 4772 1095 4835 dicatur
1111 4773 1444 4853 generalis,
1466 4773 1719 4846 scilicet,

144 4885 235 4925 an
262 4864 733 4944 praedicatione,
769 4885 845 4928 eo
886 4867 1076 4928 modo
1117 4885 1241 4947 quo
1287 4867 1491 4928 omnis
1530 4869 1724 4930 virtus

134 4958 389 5036 justitia
419 4959 705 5038 quaedam
733 4959 857 5022 dici
884 4966 1112 5038 potest,
1153 4966 1465 5038 quatenus
1498 4961 1564 5022 in
1588 4977 1726 5022 me-

143 5049 257 5110 dio
314 5067 429 5110 suo
481 5051 917 5114 constituendo
973 5053 1329 5134 aequitatem
1384 5053 1725 5135 quamdam

144 5148 395 5217 servat;
440 5145 541 5204 vel
586 5145 977 5222 collectione,
1026 5145 1175 5225 quia
1213 5146 1447 5208 scilicet
1482 5146 1725 5226 integra

146 5235 355 5297 virtus
386 5241 450 5297 et
473 5237 780 5299 rectitudo
810 5238 999 5299 animi
1019 5239 1259 5318 justitia
1288 5238 1576 5319 quoedam
1606 5243 1721 5310 est,

146 5348 231 5390 ex
282 5329 506 5391 ordine
560 5336 625 5392 et
678 5329 1042 5393 collectione
1095 5331 1391 5394 virtutum
1444 5331 1725 5393 omnium

146 5441 575 5502 consurgens3
616 5414 947 5502 quomodo
970 5424 1159 5485 etiam
1186 5423 1487 5506 Theologi
1514 5425 1727 5487 dicunt

137 5515 457 5594 justitiam
484 5517 899 5578 Christianam
922 5523 987 5579 et
1009 5519 1553 5622 supernaturalem
1582 5537 1726 5578 con-

3221 377 3338 437 527

1780 483 1998 545 sistere
2020 482 2085 545 in
2109 482 2424 545 infusione
2449 482 2684 562 gratiae,
2707 486 2771 543 et
2789 480 3098 543 donorum
3129 500 3204 543 ac
3223 482 3343 545 vir-

1778 582 1986 639 tutum
2035 578 2317 639 omnium
2368 594 2508 656 quae
2561 576 2729 637 illam
2779 576 3174 637 comitantur.
3227 576 3344 639 Vel

1780 670 2056 749 denique
2097 688 2178 731 an
2223 669 2326 731 illa
2347 669 2588 749 justitia
2617 669 2682 730 in
2713 686 2826 729 suo
2869 686 3010 731 esse
3051 668 3342 749 specifica

1780 765 1977 825 virtus
2003 764 2111 845 sit;
2143 764 2455 841 generalis
2497 769 2709 825 autem
2735 764 2998 837 dicatur,
3027 764 3129 825 vel
3153 763 3344 826 ratio-

1781 875 1863 917 ne
1916 856 2164 937 objecti,
2213 856 2382 935 quod
2425 872 2758 919 commune
2801 856 3040 918 bonum
3081 861 3196 931 est,
3243 856 3345 919 vel

1780 950 2024 1013 ratione
2055 950 2298 1029 imperii
2337 954 2398 1011 et
2441 949 2843 1024 causalitatiS,
2885 950 3030 1029 quia
3063 950 3146 1011 ad
3175 948 3346 1011 hunc

1780 1044 1973 1105 finem
2011 1042 2148 1104 aliis
2193 1043 2534 1105 moralibus
2577 1043 2906 1105 virtutibus
2951 1044 3237 1123 imperat.
3271 1044 3347 1104 Et

1783 1138 2070 1219 quamvis
2117 1136 2376 1199 diversae
2425 1138 2547 1199 sint
2597 1138 2921 1217 opiniones
2940 1182 2955 1213 ,
3006 1154 3124 1218 ego
3175 1155 3346 1198 nunc

1783 1248 2068 1311 suppono
2098 1230 2218 1291 hoc
2247 1230 2464 1292 ultimo
2489 1230 2678 1291 modo
2717 1248 2855 1293 esse
2889 1231 3246 1293 membrum
3273 1230 3348 1289 il-

1782 1324 1893 1385 lud
1922 1322 2322 1398 sumendum,
2347 1322 2563 1385 dividit
2581 1323 2752 1385 enim
2767 1325 3070 1403 justitiam
3095 1324 3346 1404 proprie

1786 1420 2124 1497 sumptam,
2159 1421 2222 1478 et
2251 1416 2722 1479 condistinctam
2746 1418 2827 1479 ab
2855 1418 2992 1479 aliis
3015 1418 3345 1479 virtutihus

1784 1509 2148 1571 moralibus.
2195 1508 2374 1583 Quod
2402 1517 2616 1571 autem
2645 1510 2724 1571 sit
2763 1510 3078 1589 objectum
3109 1516 3172 1571 et
3205 1529 3348 1572 mu·-

1785 1622 1907 1665 nus
1935 1601 2124 1682 hujus
2163 1603 2424 1678 virtutis,
2459 1602 2752 1665 indicabo
2801 1604 2966 1665 circa
3002 1602 3194 1665 finem
3221 1604 3350 1665 dis-

1786 1696 2146 1779 putationis,
2167 1696 2546 1759 declarando
2573 1714 2654 1757 an
2675 1696 2751 1757 sit
2776 1696 2904 1757 Deo
2926 1694 3345 1771 attribuenda,

1786 1808 1962 1863 nam,
1995 1788 2074 1851 de
2101 1788 2228 1863 illa,
2257 1806 2449 1869 parva
2477 1793 2588 1850 aut
2618 1788 2788 1849 nulla
2813 1793 2908 1851 est
2934 1788 3262 1851 difficultas
3289 1795 3352 1851 et

1788 1882 2232 1945 controversia.
2277 1882 2526 1943 Justitia
2553 1898 2706 1961 ergo
2741 1881 3028 1961 specialis
3069 1882 3156 1943 sic
3187 1882 3351 1943 dicta

1790 1981 1907 2049 est,
1949 1975 2096 2055 quia
2123 1992 2251 2035 non
2279 1975 2486 2036 solum
2515 1980 2609 2036 est
2657 1973 2949 2053 specifica
2983 1973 3202 2049 virtus,
3239 1974 3352 2036 sed

1792 2068 1978 2131 etiam
2004 2070 2069 2129 in
2097 2067 2454 2149 particulari
2483 2069 2766 2141 materia,
2799 2074 2861 2130 et
2889 2070 3053 2131 circa
3083 2070 3354 2148 particu-

1788 2162 1946 2224 laria
1965 2162 2133 2241 jura,
2167 2180 2282 2242 per
2313 2179 2381 2223 se
2409 2162 2749 2241 loquendo,
2785 2166 3090 2225 versatur.
3134 2162 3356 2225 Subdi—

1788 2256 2019 2319 viditur
2046 2260 2258 2317 autem
2285 2256 2420 2317 haec
2447 2256 2513 2317 in
2537 2256 3041 2317 commutativam
3067 2264 3129 2319 et
3155 2256 3356 2318 distri-

1788 2348 2092 2421 butivam,
2122 2349 2349 2429 quibus
2375 2348 2520 2410 addi
2555 2350 2712 2411 solet
2741 2350 3134 2423 vindicativa,
3162 2368 3353 2429 quam

1792 2443 2031 2517 omitto,
2065 2443 2212 2521 quia
2249 2460 2470 2504 revera
2497 2460 2626 2503 non
2654 2442 2972 2504 constituit
2999 2442 3353 2504 distinctam

1790 2535 2103 2609 virtutem,
2137 2541 2204 2596 ut
2229 2534 2390 2596 infra
2430 2535 2619 2597 etiam
2651 2535 3003 2612 ostendam,
3035 2536 3355 2598 declaran-

1790 2628 1871 2689 do
1901 2626 2218 2707 quomodo
2248 2628 2312 2689 in
2340 2630 2470 2690 Deo
2515 2628 2612 2690 sit.
2648 2630 2734 2691 De
2768 2630 2904 2691 aliis
2929 2648 3078 2693 vero
3107 2631 3354 2692 duabus

1788 2720 2090 2783 nonnulla
2135 2720 2438 2781 dissensio
2487 2725 2601 2795 est,
2652 2740 2733 2784 an
2781 2722 3071 2785 differant
3119 2724 3350 2803 specie,

1788 2833 2013 2876 necne.
2053 2816 2212 2876 Nam
2239 2815 2566 2889 Buridan.,
2599 2818 2641 2879 5
2666 2816 2861 2879 Ethic.
2883 2863 2898 2890 ,
2928 2818 3252 2895 quaestion.
3279 2812 3348 2893 ''1,

1792 2907 2110 2969 contendit
2129 2924 2260 2967 non
2279 2906 2527 2969 differre
2555 2908 2792 2989 specie3
2817 2928 2933 2971 nos
2954 2916 3164 2973 autem
3187 2928 3357 2971 nunc

1792 3000 2203 3081 supponimim
2231 3001 2295 3062 in
2322 3004 2504 3063 nobis
2535 3020 2672 3065 esse
2702 3003 2910 3083 specie
2941 3004 3302 3066 differentes
3335 3022 3350 3065 ε

1792 3093 2110 3173 quomodo
2161 3099 2374 3156 autem
2423 3095 2736 3170 differant,
2785 3096 3092 3160 constabit
3137 3103 3356 3178 postea

1794 3187 2160 3267 explicando
2213 3189 2498 3269 proprias
2546 3189 2822 3252 rationes
2875 3209 3094 3253 earum
3119 3237 3138 3266 ,
3185 3189 3358 3271 quod

1790 3281 2222 3342 necessarium
2277 3283 2394 3344 erit
2446 3288 2517 3346 ut
2565 3281 2988 3364 intelligamus
3039 3284 3356 3364 quomodo

1789 3374 1921 3438 Deo
1957 3375 2396 3440 attribuantur.

1791 3627 2120 3692 Iustitiam
2165 3627 2654 3703 conmutationes
2701 3631 3024 3696 seeundum
3073 3647 3138 3696 u
3179 3648 3358 3713 poue

2131 3721 2263 3786 sino
2287 3719 2732 3804 imper-fictione
2763 3722 3015 3808 concipi.

1876 3929 1938 3990 2.
1979 3927 2206 3992 Pn‘ma
2233 3926 2688 3994 assum—De
2707 3930 2948 4011 justitia
2975 3931 3166 4012 igitur
3191 3949 3360 3996 com-

1796 4022 2100 4083 mutativa
2139 4020 2244 4082 illa
2284 4022 2432 4098 due,
2484 4040 2625 4106 quae
2677 4025 2757 4086 de
2798 4025 3036 4104 justitia
3072 4028 3140 4088 in
3189 4045 3360 4089 com·-

1796 4114 1976 4176 muni
2029 4114 2319 4189 diximus,
2372 4133 2518 4176 cum
2564 4119 2967 4198 proportione
3017 4121 3359 4184 asserenda

1799 4225 2051 4270 censeo.
2086 4208 2234 4270 Dico
2267 4208 2458 4288 igitur
2487 4210 2816 4290 imprimis,
2853 4213 3140 4290 quamvis
3180 4215 3362 4294 justi-

1800 4303 1887 4363 tia
1947 4302 2389 4363 commutativa
2412 4303 2479 4364 in
2527 4304 2886 4368 hominibus
2942 4305 3363 4387 imperfectio-

1798 4413 1949 4457 nem
2001 4393 2302 4470 includat,
2353 4397 2594 4458 ratione
2643 4399 2920 4459 materiae
2957 4399 3124 4462 circa
3170 4417 3362 4481 quam

1798 4494 2105 4564 versatur,
2152 4488 2418 4551 formale
2467 4494 2681 4551 tamen
2734 4491 3054 4570 objectum
3090 4494 3228 4573 ejus
3272 4493 3362 4556 ita

1799 4599 1984 4663 posse
2011 4581 2268 4660 praecise
2302 4600 2376 4643 ae
2402 4581 2749 4644 formaliter
2779 4584 3080 4660 abstrahi,
3115 4591 3188 4647 ut
3221 4585 3365 4646 nul-

1800 4675 1926 4736 lam
1949 4675 2014 4736 in
2035 4693 2150 4736 suo
2173 4683 2482 4756 conceptu
2498 4676 3036 4756 imperfectionem
3059 4679 3358 4742 includat.

1803 4769 2028 4830 Fateor
2052 4769 2342 4850 antiquos
2389 4774 2678 4832 auctores
2707 4789 2835 4831 non
2885 4771 3229 4834 admodum
3257 4792 3365 4835 ex-

1804 4861 2070 4944 plicasse
2097 4863 2508 4942 posteriorem
2545 4869 2790 4942 partem
2831 4863 3020 4945 hujus
3072 4869 3366 4929 assertio-

1804 4957 1934 5030 nis3
1963 4974 2042 5016 ex
2069 4955 2349 5017 dicendis
2385 4962 2620 5033 autem,
2650 4963 2780 5018 tam
2818 4957 2882 5018 in
2929 4959 3048 5020 hac
3079 4978 3270 5040 quam
3297 4962 3366 5022 in

1806 5054 2111 5130 sequente
2137 5048 2506 5126 assertione,
2535 5051 2843 5114 constabit
2885 5058 2949 5113 et
2980 5053 3195 5132 plures
3223 5073 3368 5117 eam

1806 5144 2084 5224 attigisse
2111 5188 2127 5216 ‚
2159 5149 2222 5203 et
2251 5142 2408 5204 alios
2434 5161 2564 5204 non
2610 5162 2994 5224 repugnare,
3032 5147 3150 5208 sed
3187 5147 3368 5227 juxta

1804 5237 2081 5316 priorem
2129 5241 2375 5316 partem
2425 5237 2784 5298 assertionis
2837 5237 3030 5300 fuisse
3080 5239 3322 5302 locutos
3342 5285 3364 5317 ,

1807 5347 1996 5410 quam
2030 5331 2298 5408 probare
2326 5347 2455 5390 non
2490 5335 2754 5408 oportet,
2785 5330 2934 5410 quia
2969 5349 3086 5410 per
3123 5350 3191 5393 se
3219 5339 3370 5394 nota

1808 5430 1924 5498 est,
1961 5425 2024 5484 et
2052 5441 2196 5484 cum
2223 5422 2551 5502 posteriori
2579 5423 2763 5483 simul
2792 5423 3230 5486 declarabitur.

1886 5518 1947 5578 3.
1989 5515 2255 5580 ,Iustitia
2281 5517 2708 5580 commutatico
2733 5521 2826 5579 ert
2845 5536 2980 5599 quoe
2999 5517 3220 5584 tribuit
3247 5520 3373 5584 oui-
