3850 6225
495 501 556 554 et
585 492 782 552 infra:
808 489 923 565 Qui
951 491 1117 553 novit
1136 492 1361 570 omnia,
1389 499 1445 557 et
1466 496 1689 572 futura
1710 488 1885 572 quasi
1898 506 2062 568 proe-

495 585 695 650 sentia
733 585 919 659 videt,
952 601 1067 666 por
1108 583 1504 664 Scripturam
1537 585 1702 648 uobis
1745 585 1851 646 hoo
1877 580 2062 645 etiam

490 680 828 758 pra-dimin
862 695 983 741 uon
1031 683 1229 741 autem
1270 679 1473 742 omnia
1517 697 1649 760 quoe
1674 679 1841 741 Deus
1868 675 2057 749 novit,

494 780 604 838 aut
620 774 773 848 vult,
812 778 921 836 aut
944 773 1225 854 imperat.
1270 774 1339 834 ln
1366 771 1593 852 quibus
1625 768 1914 833 omnibus
1941 767 2060 829 hoc

492 865 677 946 plane
716 866 849 944 agit
892 865 1181 945 Cyrillus,
1218 871 1289 926 ut
1328 871 1523 926 totam
1570 881 1817 926 causam
1859 861 2058 923 ruinae

490 959 724 1022 tribuat
749 958 1039 1020 humanae
1065 959 1397 1035 voluntati,
1440 965 1503 1020 et
1550 957 1722 1019 nullo
1751 955 1936 1018 modo
1965 954 2059 1016 di·

490 1054 693 1128 vinae3
736 1058 799 1113 et
836 1051 952 1112 hac
985 1051 1234 1132 speciali
1280 1070 1464 1112 causa
1510 1050 1662 1112 dicit
1704 1050 1899 1111 Deum
1929 1065 2058 1109 non

490 1146 701 1208 omnia
740 1144 897 1206 velle
921 1163 1057 1223 quae
1082 1145 1277 1206 novit.
1317 1145 1493 1206 Unde
1519 1143 1779 1205 inferius
1804 1140 2054 1204 conclu-

490 1239 582 1300 dit
608 1257 625 1301 :
652 1239 847 1312 Nam,
877 1239 934 1300 si
958 1239 1041 1300 ad
1064 1239 1197 1318 ejus
1222 1239 1463 1318 laqueos
1494 1237 1815 1315 (daemonis
1834 1233 2054 1296 videli-

488 1333 607 1410 cet)
638 1338 841 1413 sponte
878 1337 1053 1412 atque
1098 1329 1469 1410 neyliyentia
1504 1336 1715 1393 nostra
1753 1329 2049 1404 venimus,

486 1445 657 1508 quem
696 1425 909 1500 alium,
937 1426 1141 1504 potius
1182 1443 1361 1505 quam
1414 1443 1522 1487 uos
1554 1424 1718 1502 ipsos
1758 1423 2051 1486 crimina-

487 1521 670 1582 mur?
714 1521 935 1584 Nouae
982 1519 1087 1581 hoc
1124 1518 1397 1598 estquod
1448 1517 1743 1582 Salomon
1792 1517 2004 1579 scribit
2032 1541 2055 1575 .-

484 1614 773 1676 Amentia
790 1612 913 1674 oiri
929 1612 1062 1672 vias
1076 1612 1208 1690 ejus
1224 1611 1517 1686 devastat,
1536 1615 1593 1672 et
1606 1611 1804 1672 Deum
1821 1609 2058 1671 incusat

486 1709 553 1768 in
586 1707 799 1770 corde?
832 1707 1157 1767 Ostensum
1182 1709 1455 1767 autem‘a
1478 1704 1659 1765 nobis
1683 1709 1797 1778 est,
1820 1702 1874 1764 si
1900 1703 2060 1764 Deus

482 1799 924 1861 determinaret
947 1797 1295 1859 voluntates
1320 1805 1560 1859 nostras
1582 1795 1661 1858 ad
1692 1813 2059 1856 consensum

485 1892 745 1966 malum,
773 1909 899 1952 non
926 1891 1058 1952 sine
1092 1909 1275 1951 causa
1301 1909 1474 1970 posse
1517 1891 1797 1951 incusari
1836 1890 2056 1966 Deum,

486 1986 669 2066 eique
694 1985 948 2046 attribui
974 1984 1316 2045 humanam
1344 1985 1784 2063 perditionem.

564 2082 667 2140 24.
715 2080 806 2138 Ex
855 2077 1202 2156 Augustino
1240 2077 1449 2139 afferri
1498 2077 1701 2138 multa
1756 2081 2055 2157 possent:

483 2190 652 2232 nunc
680 2170 1023 2250 ponderare
1066 2168 1219 2231 libet
1246 2169 1562 2250 quoddam
1603 2171 1736 2249 ejus
1778 2168 2058 2232 testimo·-

480 2265 659 2326 nium
690 2283 768 2326 ex
809 2263 968 2324 libro
1014 2262 1285 2323 secundo
1328 2262 1405 2323 de
1464 2264 1773 2324 Peccator.
1818 2263 2055 2338 merit.,

483 2361 681 2438 capite
708 2357 947 2420 decimo
970 2361 1207 2431 octavo,
1228 2355 1339 2416 ubi
1358 2361 1628 2416 tractans
1659 2354 1815 2416 illud
1842 2355 2056 2416 Pauli:

486 2453 648 2528 Quid
670 2453 847 2514 habes
893 2449 1051 2531 quod
1087 2465 1205 2510 nou
1240 2447 1577 2528 accepisti?
1604 2446 1792 2509 refert
1820 2447 2060 2526 exposi-

481 2547 715 2608 tionem
739 2543 1149 2604 asserentium
1182 2540 1245 2602 id
1274 2541 1507 2602 dictum
1538 2559 1693 2615 esse,
1727 2539 1877 2618 quia
1898 2541 2059 2601 Deus

483 2638 655 2700 dedit
681 2637 858 2698 nobis
893 2635 1161 2697 liberum
1204 2634 1557 2708 arbitrium,
1613 2638 1675 2694 et
1704 2633 1869 2694 bene
1914 2651 2059 2712 ope-

481 2729 663 2792 randi
694 2728 1093 2804 facultatem3
1128 2729 1147 2787 i
1157 2746 1257 2806 pse
1288 2731 1498 2788 autem
1548 2726 1667 2786 hoc
1696 2727 2049 2804 impugnat,

484 2822 715 2896 dicenS,
767 2840 894 2884 non
930 2820 1070 2882 ideo
1116 2820 1349 2882 dictum
1393 2837 1546 2890 esse,
1600 2819 1705 2879 sed
1732 2819 1880 2896 quia
1924 2837 2054 2880 non

484 2923 731 2978 tantum
769 2915 1152 2991 facultatem,
1178 2915 1281 2976 sed
1311 2915 1499 2976 etiam
1528 2913 1735 2993 ipsum
1759 2911 1919 2974 velle
1946 2912 2056 2972 bo-

483 3027 639 3072 num
682 3008 861 3070 nobis
908 3008 1098 3068 donat
1138 3009 1297 3068 Deus
1324 3024 1341 3068 ε
1372 3006 1531 3082 Quia
1586 3007 1751 3069 alias
1804 3005 2052 3085 (inquit)

482 3105 665 3165 etiam
697 3102 857 3165 illud
879 3102 1003 3165 dici
1018 3106 1233 3181 potest,
1260 3099 1489 3165 malam
1518 3118 1743 3181 quoque
1774 3099 2054 3162 voluuta-

486 3199 605 3257 tem
630 3197 754 3258 Deo
792 3196 1029 3258 auctori
1070 3212 1193 3257 esee
1230 3194 1607 3257 tribuendam
1632 3238 1648 3266 ‚
1693 3194 1838 3273 quia
1873 3210 2055 3272 neque

481 3288 622 3368 ipsa
654 3304 776 3351 esse
801 3294 1007 3366 posset
1039 3289 1108 3349 in
1140 3287 1397 3362 homine,
1449 3286 1574 3348 nisi
1619 3288 1691 3349 Ito
1700 3305 1788 3347 mo
1814 3292 1964 3348 esset
1987 3286 2054 3348 in

484 3398 597 3463 quo
625 3385 776 3443 essct
793 3404 820 3453 ,·
848 3386 917 3443 ut
944 3385 1143 3443 autem
1174 3380 1343 3441 homo
1366 3380 1473 3455 sit,
1510 3379 1675 3441 Deus
1700 3384 1910 3443 auctor
1937 3384 2048 3455 est,

481 3476 577 3537 ita
602 3478 659 3535 et
681 3474 811 3552 ejus
834 3474 1013 3537 maloe
1038 3473 1376 3536 voluntates
1398 3474 1481 3535 ad
1514 3478 1814 3535 auctorem
1850 3473 2049 3535 Deum

486 3572 677 3629 essent
716 3568 1067 3645 referenda,
1107 3567 1263 3647 quod
1286 3569 1465 3644 nefas
1510 3569 1599 3627 est
1630 3566 1841 3626 dicere.
1873 3563 2048 3639 Quod

486 3665 673 3739 negat
726 3656 854 3720 ullo
900 3659 1085 3720 modo
1138 3658 1261 3719 dici
1309 3676 1485 3738 posse
1526 3657 1604 3719 de
1633 3656 1797 3719 malo
1838 3656 2044 3721 velle:

486 3751 647 3825 Quia
673 3752 780 3815 hoc
812 3752 1059 3832 (inquit)
1092 3752 1359 3831 propria·
1382 3751 1710 3815 voluntatis
1740 3757 1829 3815 est
1857 3752 2048 3814 homi-

482 3846 602 3919 nis,
622 3862 741 3907 aon
755 3846 951 3927 operis
966 3845 1083 3909 Dei
1098 3870 1127 3917 ,·
1140 3863 1321 3927 neque
1339 3846 1495 3909 euim
1520 3846 1603 3909 ad
1621 3845 1727 3907 hoc
1746 3863 1877 3908 eum
1893 3863 2050 3910 com·

480 3940 659 4018 pectit
705 3943 816 4001 aut
868 3940 1122 4019 adjuvat
1148 3940 1431 4003 Deus.1n
1478 3957 1603 4019 quo
1650 3938 2045 4016 testimonio,

482 4037 706 4112 proeter
750 4032 1081 4111 Augustini
1123 4032 1335 4108 verba,
1377 4050 1515 4113 quoe
1559 4038 1707 4092 sunt
1752 4034 1897 4093 satis
1943 4050 2048 4093 ex-

481 4144 714 4206 pressa,
748 4124 1031 4205 expendo
1074 4123 1419 4185 discursum
1460 4132 1521 4185 et
1551 4125 1856 4186 rationem
1886 4124 2043 4204 ejus,

480 4236 619 4299 quae
666 4218 733 4278 in
768 4217 957 4278 simili
990 4216 1192 4278 forma
1236 4216 1579 4297 plurimum
1622 4216 1787 4278 valet
1830 4225 2048 4279 contra

480 4311 701 4390 prioris
739 4310 1057 4370 sententiae
1106 4308 1414 4384 fautores;
1472 4310 1579 4388 qui
1626 4310 1838 4371 omnia
1889 4329 2044 4390 prae-

478 4404 642 4465 dicta
675 4402 863 4464 verba
896 4401 1094 4476 Pauli,
1145 4420 1284 4482 quoe
1312 4408 1457 4463 sunt
1490 4404 1569 4463 de
1598 4404 1887 4482 operibus
1916 4405 2044 4483 pie·

480 4498 649 4571 tatis,
672 4494 1034 4571 intelligunt
1061 4493 1227 4555 dicta
1250 4513 1379 4556 esse
1417 4496 1658 4557 ratione
1698 4495 1862 4557 illius
1889 4486 2048 4576 phy-

480 4589 620 4650 sioae
646 4586 1205 4662 determinationis,
1234 4604 1345 4667 per
1382 4606 1571 4667 quam
1608 4589 1677 4649 in
1700 4588 1877 4649 nobis
1905 4607 2044 4669 ope·

480 4691 655 4742 ratur
682 4682 844 4742 Deus
872 4680 1030 4741 velle
1068 4686 1131 4741 et
1174 4679 1510 4759 perficere3
1557 4681 1608 4741 si
1646 4698 1793 4761 ergo
1834 4682 2052 4744 eodem

480 4774 663 4835 modo
692 4774 869 4835 aiunt
890 4772 1303 4834 determinare
1328 4774 1521 4833 Deum
1557 4774 1940 4836 voluntatem
1973 4776 2051 4837 ad

478 4872 688 4928 actum
717 4865 975 4941 malum,
1008 4882 1253 4926 necesse
1278 4872 1369 4927 est
1398 4870 1467 4925 ut
1500 4865 1785 4927 similiter
1812 4865 2050 4927 fatean-

480 4966 604 5035 tur,
669 4960 735 5020 in
784 4958 965 5020 nobis
1012 4958 1255 5039 operari
1302 4960 1496 5019 Deum
1548 4978 1811 5039 pravum
1858 4959 2041 5035 velle,

477 5055 635 5134 quod
688 5054 807 5131 (ut
860 5052 1243 5131 Augustinus
1290 5052 1488 5130 dicit)
1528 5056 1703 5129 nefas
1757 5060 1847 5117 est
1890 5054 2020 5117 dice

476 5165 563 5209 re.
594 5146 956 5208 Consecutio
985 5151 1177 5225 patet,
1203 5146 1352 5225 quia
1398 5146 1587 5208 simili
1632 5145 1835 5207 forma
1876 5146 2045 5208 colli-

478 5240 571 5319 git
592 5238 996 5317 Augustinus,
1026 5238 1078 5299 si
1104 5236 1169 5298 id
1205 5242 1363 5299 esset
1406 5238 1637 5299 dictum
1682 5237 1763 5299 ob
1808 5237 2044 5298 donum

477 5338 741 5409 naturoe,
779 5329 880 5393 vel
906 5330 1088 5392 liberi
1132 5330 1399 5407 arbitrii,
1450 5332 1625 5413 sequi
1673 5334 1869 5394 Deum
1912 5350 2044 5395 esse

478 5424 630 5486 mali
660 5430 998 5499 auctorem,
1029 5425 1188 5485 sicut
1214 5429 1277 5486 et
1314 5425 1479 5488 boni.
1513 5425 1685 5499 Quod
1730 5425 1781 5487 si
1824 5424 2042 5486 distin·

479 5522 677 5599 guant
703 5518 778 5581 de
814 5516 1124 5579 materiali
1168 5524 1231 5581 et
1266 5516 1537 5597 formali,
1578 5518 1889 5603 quomodo
1918 5519 2042 5579 Au·

1038 387 1249 444 OPUSC.
1282 389 1323 453 l,
1360 389 1477 441 LlB.
1516 389 1577 440 ll.
1614 387 1693 440 DE
1726 385 2046 440 CONCUBSU
2083 388 2184 440 DEI
2216 390 2300 441 An
2337 385 2536 440 ACTUS
2571 385 2820 441 onnmls
2852 387 3141 441 NATURAE.

2141 489 2422 567 gustinus
2449 509 2576 553 non
2603 492 2762 554 vidit
2787 493 2962 554 illam
2987 492 3451 573 responsionem
3477 491 3700 552 rationi

2141 599 2269 642 suae
2289 602 2466 663 posse
2498 585 2818 648 adhiberi?
2846 586 2960 648 Vel
2981 605 3132 665 ergo
3162 585 3550 665 Augustinus
3581 603 3698 646 non

2139 681 2306 737 recte
2327 677 2586 757 colligit,
2619 679 2717 740 vel
2738 680 2927 759 (quod
2946 697 3168 742 verum
3185 677 3297 759 est)
3317 679 3396 739 de
3412 677 3548 758 ipso
3567 685 3698 738 actu

2139 769 2429 850 positivo,
2458 791 2582 852 quo
2605 770 2886 834 nostrum
2916 773 3246 834 arbitrium
3267 771 3404 833 vult
3439 768 3691 846 malum,

2139 870 2350 927 censet
2377 885 2506 928 csse
2541 867 2716 927 nefas
2738 865 2920 927 illum
2943 867 3020 928 ad
3049 868 3244 927 Deum
3267 878 3588 926 auctorem
3616 883 3698 925 re·

2137 957 2300 1020 {erre
2331 960 2622 1039 (Legatur
2649 961 3009 1038 Augustin.‚
3036 959 3180 1022 libr.
3217 962 3256 1021 2
3285 959 3363 1020 dc
3393 959 3696 1020 Peccator.
3785 953 3800 970 '

2137 1052 2373 1126 merit„
2419 1072 2472 1115 c.
2516 1056 2625 1130 173
2667 1053 2776 1116 lib.
2821 1055 2862 1116 2
2899 1053 2976 1115 de
3028 1051 3270 1134 Nuptiis
3309 1058 3373 1114 et
3417 1069 3696 1130 concup„

2134 1165 2266 1226 cap.
2297 1145 2410 1223 283
2440 1145 2516 1207 de
2541 1146 2826 1208 Proedest.
2856 1153 2918 1208 et
2945 1151 3106 1224 grat.
3129 1191 3146 1220 ,
3173 1163 3309 1226 cap.
3341 1147 3420 1222 43
3449 1145 3528 1205 de
3551 1146 3698 1204 Pxae-

2133 1239 2286 1300 dest.
2312 1238 2552 1314 sanct„
2575 1257 2631 1299 c.
2655 1241 2733 1300 10
2758 1261 2776 1314 3
2797 1238 2909 1300 lib.
2941 1240 3021 1300 83
3049 1239 3303 1314 Quaest.,
3329 1257 3394 1318 q.
3427 1239 3466 1298 3
3487 1244 3552 1298 et
3577 1239 3691 1310 21).

2211 1333 2312 1393 25.
2335 1331 2716 1394 Confirmant
2746 1332 3071 1393 veritatem
3097 1331 3260 1392 hanc
3281 1331 3538 1410 egregia
3575 1349 3700 1390 ver-

2135 1424 2238 1498 ba,
2261 1430 2322 1485 et
2345 1425 2579 1503 optima
2609 1425 2768 1485 ratio
2795 1425 3076 1502 ejusdem
3101 1424 3432 1502 Augustini
3460 1423 3542 1483 ad
3561 1425 3700 1483 arti·

2137 1516 2306 1578 culos
2333 1517 2450 1578 sibi
2478 1517 2631 1579 falso
2650 1518 2992 1597 impositos,
3016 1535 3072 1579 a.
3097 1519 3172 1578 6:
3205 1517 3388 1581 Sicut
3409 1519 3702 1595 praeca-ri·

2141 1612 2447 1674 catoribus
2469 1611 2702 1690 anyelis
2730 1612 2898 1673 Deus
2934 1629 3051 1672 uon
3081 1611 3339 1674 intendit
3363 1611 3567 1684 illam,
3593 1629 3702 1689 qua

2140 1705 2208 1766 iu
2252 1705 2504 1766 veritate
2528 1723 2646 1766 nou
2672 1710 2982 1775 steterunt,
3033 1705 3420 1777 voluntatem,
3465 1704 3564 1765 ita
3607 1723 3702 1765 nec

2141 1797 2480 1860 hominibus
2506 1797 2662 1859 huuc
2688 1800 3000 1877 affectum,
3034 1815 3146 1877 quo
3185 1797 3514 1859 Diabolum
3567 1798 3700 1857 imi·

2141 1895 2377 1965 tantur,
2416 1889 2697 1951 inseruit.
2758 1890 2925 1950 Idem
2967 1897 3084 1950 art.
3123 1891 3219 1950 10.
3252 1888 3374 1950 Sed
3436 1889 3702 1949 maxime

2141 1989 2285 2044 sunt
2330 1982 2603 2044 notanda
2657 1983 2848 2044 verba
2903 1989 3018 2044 art.
3070 1986 3134 2043 Η
3149 2027 3170 2057 ,
3199 1982 3308 2062 qui
3353 1981 3497 2042 talis
3539 1989 3698 2042 erat:

2145 2075 2390 2150 Quaado
2415 2079 2623 2154 patres
2649 2077 2943 2138 incestant
2969 2075 3288 2153 filias,-vel
3323 2075 3486 2137 servi
3525 2075 3701 2136 domi·

2137 2187 2244 2231 nos
2265 2169 2561 2244 occidunt,
2593 2169 2722 2230 ideo
2750 2169 2828 2244 fit
2851 2169 3000 2249 quia
3049 2168 3356 2230 Dominus
3396 2168 3700 2247 pra-desti·

2137 2262 2312 2323 navit
2352 2263 2537 2323 atita
2571 2263 2762 2340 fieret.
2813 2261 2878 2320 ln
2908 2260 3136 2340 quibus
3189 2260 3396 2321 verbis
3423 2259 3698 2334 observa,

2140 2355 2246 2415 vix
2272 2355 2538 2434 amplius
2579 2355 2908 2430 contineri,
2933 2373 3123 2433 quam
3150 2353 3474 2414 materiale
3499 2370 3702 2432 pecca-

2137 2447 2209 2507 ti.
2257 2447 2606 2526 Respondet
2642 2453 2852 2509 autem
2894 2447 3311 2526 Augustinus:
3355 2446 3440 2508 Si
3467 2445 3700 2508 diabolo

2139 2542 2494 2621 objiceretur
2521 2543 2676 2623 quod
2697 2543 2914 2605 talium
2937 2543 3284 2621 facinorum
3319 2543 3448 2620 ipse
3469 2546 3698 2614 auctor,

2139 2635 2270 2715 ipse
2291 2641 2438 2698 esset
2455 2637 2750 2711 incentor,
2777 2635 2891 2698 Itac
2913 2654 2974 2698 se
2994 2641 3189 2714 poscet
3213 2652 3538 2698 emoneo-are
3555 2635 3700 2695 iaci·
3819 2619 3821 2700 ff

2135 2729 2264 2802 dia,
2286 2733 2343 2790 et
2376 2729 2596 2790 talium
2624 2728 2910 2790 scelerum
2927 2733 3301 2808 patratorem
3325 2729 3394 2788 de
3427 2728 3697 2806 ipsoram

2133 2821 2435 2883 voluntate
2473 2821 2753 2896 vinceret,
2797 2823 2942 2902 quia
2980 2824 3092 2884 etsi
3141 2821 3463 2883 delectatus
3517 2821 3608 2880 cit
3639 2821 3700 2880 de

2131 2916 2346 2990 furore
2381 2915 2775 2992 peccantium,
2821 2915 3106 2994 probaret
3145 2907 3345 2976 tamen
3369 2931 3488 2974 non
3535 2914 3696 2974 intu-

2134 3006 2280 3070 lisse
2297 3007 2422 3068 vim
2449 3008 2798 3069 criminum.
2829 3007 2960 3081 Qua
2989 3025 3128 3086 erqo
3149 3006 3538 3085 insipientia,
3568 3023 3702 3085 qna-

2133 3118 2200 3164 ve
2227 3100 2519 3164 dementia
2547 3101 2895 3181 definiatur,
2923 3101 3004 3163 ad
3038 3101 3156 3163 Dei
3179 3101 3567 3179 referendum
3591 3118 3704 3161 esse
3820 3101 3821 3179 j

2133 3193 2475 3267 consilium,
2517 3195 2674 3273 quod
2689 3212 2792 3255 uec
2835 3194 3068 3255 diabolo
3094 3196 3160 3255 in
3187 3199 3305 3256 toto
3347 3193 3585 3255 ascribi
3603 3211 3700 3271 po-

2135 3291 2270 3361 test,
2301 3287 2409 3367 qui
2441 3288 2508 3348 in
2543 3286 2922 3365 peccantium
2967 3288 3242 3366 flayitiis
3285 3286 3702 3349 illecebrarum

2131 3380 2396 3459 adjutor,
2431 3396 2548 3441 uon
2579 3378 2954 3441 voluntatum
2984 3380 3304 3441 credendus
3329 3384 3417 3441 est
3448 3398 3579 3441 esse
3609 3398 3700 3457 ye-

2131 3473 2412 3535 nerator?
2467 3472 2846 3534 ponderetur
2893 3471 3012 3534 hoc
3061 3472 3358 3535 ultimum
3409 3473 3698 3547 verbnm,

2131 3584 2256 3645 quo
2279 3564 2600 3627 evidenter
2628 3571 2868 3627 constat
2904 3583 3031 3627 non
3063 3565 3277 3626 fecisse
3303 3565 3432 3625 vim
3461 3567 3700 3643 Augus·

2127 3657 2359 3732 tinum,
2387 3675 2502 3719 nec
2537 3656 2649 3737 qui
2684 3674 2827 3718 eum
2869 3656 3436 3734 calumniabantur,
3467 3658 3540 3719 in
3584 3658 3702 3719 for·

2128 3748 2408 3812 malitate
2436 3750 2694 3830 peccati,
2725 3749 2925 3811 sedin
2955 3750 3270 3812 voluntate
3298 3751 3430 3827 illa,
3464 3758 3531 3813 et
3559 3772 3698 3813 con-

2129 3862 2315 3905 sensu
2365 3860 2490 3922 quo
2534 3850 2839 3923 peccatur.
2871 3844 2948 3905 Et
2973 3844 3050 3905 de
3085 3845 3205 3906 hac
3241 3844 3570 3907 voluntate
3619 3845 3701 3905 lo-

2132 3954 2350 4016 quenS,
2397 3938 2486 3998 ait
2524 3936 2927 4016 AugustinnS,
2975 3938 3084 4017 qui
3129 3956 3270 3999 eam
3314 3938 3698 3999 voluntatem

2128 4030 2326 4091 Deum
2367 4030 2433 4090 in
2477 4030 2656 4091 nobis
2695 4032 2952 4109 gignere
3003 4031 3200 4107 dicit,
3253 4032 3456 4109 magis
3495 4032 3700 4092 facere

2127 4124 2324 4184 Deum
2376 4125 2612 4205 peccati
2673 4131 2989 4186 auctorem
3011 4170 3030 4201 ,
3075 4142 3265 4204 quam
3320 4126 3698 4199 daemonem3

2127 4218 2278 4297 quia
2325 4216 2523 4278 multo
2565 4218 2737 4297 pejus
2763 4224 2854 4279 est
2882 4218 3268 4280 voluntatem
3312 4218 3594 4279 hominis
3626 4218 3699 4279 ad

2125 4326 2492 4371 consensum
2518 4309 2932 4372 determinare
2963 4311 3149 4390 (quod
3171 4312 3292 4371 Deo
3307 4310 3694 4386 attribuitur,

2127 4408 2190 4463 et
2216 4402 2598 4481 Augustinus
2625 4402 2688 4463 id
2715 4402 2959 4464 videtur
2985 4404 3296 4484 appellare
3323 4404 3565 4480 inferre
3587 4406 3702 4465 vim

2131 4496 2504 4573 criminum),
2523 4513 2714 4575 quam
2728 4496 2973 4557 allicere
2987 4496 3086 4558 vel
3109 4496 3399 4571 invitare,
3419 4496 3592 4575 quod
3609 4516 3702 4556 so-

2133 4588 2266 4647 lum
2283 4594 2482 4667 potest
2495 4586 2696 4651 facere
2721 4587 2987 4651 daemon.
3017 4588 3110 4649 Ad
3138 4588 3473 4649 articulum
3499 4590 3692 4650 etiam

2131 4679 2444 4741 decimum
2461 4682 2715 4743 tertium
2731 4681 2898 4742 idem
2915 4682 3160 4762 repetit,
3189 4680 3472 4761 nihilque
3485 4698 3698 4742 eorum

2130 4789 2270 4851 quae
2296 4780 2440 4833 sunt
2467 4774 2529 4832 in
2555 4779 2804 4853 peccato
2833 4773 2968 4833 vult
3009 4774 3197 4835 tribui
3229 4774 3352 4834 Deo
3390 4780 3462 4833 ut
3489 4782 3698 4835 aucto-

2130 4866 2207 4942 ri,
2235 4866 2340 4925 sed
2369 4864 2638 4927 libertati
2660 4866 2902 4927 arbitrii
2930 4868 3234 4946 proxime,
3257 4871 3495 4927 remote
3529 4884 3696 4941 vero,

2127 4957 2225 5019 vel
2263 4959 2550 5034 daemoni,
2579 4958 2678 5019 vel
2717 4960 3258 5040 concupiscentiae3
3297 4976 3438 5019 cum
3489 4964 3697 5020 tamen

2125 5070 2240 5113 nec
2267 5052 2536 5127 daemon,
2595 5071 2706 5113 nec
2743 5054 3239 5133 concupiscentia
3279 5053 3565 5134 proxime
3607 5055 3696 5113 in-

2124 5147 2308 5208 ducat
2330 5154 2392 5208 et
2417 5166 2529 5227 per
2553 5166 2618 5209 se
2639 5148 2714 5210 ad
2748 5148 3008 5210 formale
3031 5148 3282 5229 peccati,
3315 5148 3422 5209 sed
3450 5148 3532 5207 ad
3571 5164 3698 5208 ma-

2123 5240 2362 5315 teriale,
2404 5240 2533 5301 imo
2571 5258 2686 5302 nec
2718 5240 2922 5320 ipsum
2951 5240 3218 5303 liberum
3247 5239 3582 5302 arbitrium
3605 5240 3696 5299 di-

2123 5340 2290 5396 recte
2316 5351 2378 5395 se
2408 5341 2689 5396 exerceat
2712 5335 2873 5396 circa
2895 5335 3179 5412 formale,
3201 5334 3306 5395 sed
3327 5336 3492 5395 circa
3523 5340 3698 5394 actus

2122 5428 2306 5507 ipsos.
2355 5426 2466 5488 ma
2509 5429 2695 5489 ctiam
2723 5430 3054 5505 sententia,
3081 5446 3219 5509 quai
3269 5427 3568 5507 frequens
3609 5434 3700 5488 est

2123 5519 2290 5605 apud
2319 5521 2775 5604 Augustinum:
2815 5522 2868 5587 A
2905 5522 3028 5586 Deo
3049 5526 3189 5587 eunt
3215 5538 3411 5583 omnes
3435 5526 3698 5603 potesta-
