3850 6225
475 402 596 464 254

473 523 697 566 causas
745 506 808 566 et
855 501 1352 568 circumstantias
1399 525 1476 568 ex
1519 507 1749 587 quibus
1787 509 2034 588 praescit

470 605 681 661 actum
707 597 880 659 illum
907 616 1044 659 esse
1082 601 1624 680 consequendum,
1661 607 1728 662 ut
1751 601 1856 662 ille
1895 601 2029 674 fiat,

472 693 588 754 sed
615 709 692 754 ex
721 692 857 753 aliis
881 693 1280 772 generalibus
1305 693 1406 754 vel
1449 693 1822 774 specialibus
1851 696 2033 755 ratio-

473 787 661 848 nibus
693 803 821 847 suae
863 783 1268 866 providentiae.
1321 785 1458 848 illas
1497 787 1790 868 disponit,
1821 787 2035 848 sinens

471 879 856 940 voluntatem
885 879 1226 940 humanam
1251 879 1426 940 abuti
1453 881 1595 954 illis,
1629 887 1690 941 et
1721 885 1873 942 tunc
1904 879 2037 960 ipse

471 972 578 1032 illa
615 973 778 1032 bene
807 971 1004 1032 utitur
1029 970 1108 1032 ad
1141 973 1334 1032 alium
1373 971 1568 1034 finem
1595 991 1630 1033 a
1672 991 1737 1034 se
1769 970 2039 1053 praefini-

470 1071 626 1126 tum.
679 1068 756 1126 At
791 1083 938 1125 vero
990 1070 1166 1125 actus
1209 1066 1434 1139 11011118,
1468 1073 1530 1128 81
1557 1067 1902 1145 proesertim
1936 1083 2037 1126 su-

469 1159 908 1238 pernaturaliS,
960 1164 1054 1220 est
1105 1177 1220 1238 per
1273 1177 1342 1219 se
1387 1159 1693 1231 amabiIiS,
1747 1159 2037 1236 illiusque

471 1251 824 1332 praecipuus
854 1257 1074 1312 auctor
1117 1259 1212 1312 est
1241 1253 1430 1326 Deua,
1475 1253 1582 1331 qui
1626 1253 1800 1314 illum
1831 1252 2039 1312 inten-

472 1345 582 1418 dit,
617 1351 680 1407 et
711 1345 858 1406 facit
895 1349 966 1405 ut
1010 1345 1142 1418 fiat,
1187 1351 1251 1406 et
1294 1349 1553 1426 propter
1591 1345 1767 1408 illum
1798 1345 2037 1407 confert

473 1438 702 1498 auxilia
732 1455 1031 1516 congrua,
1081 1438 1309 1516 quibus
1350 1439 1462 1499 scit
1506 1438 1906 1500 infallibiliter
1940 1438 2036 1499 fu·

471 1539 712 1603 turum;
746 1539 808 1591 et
831 1530 971 1590 ideo
1017 1531 1182 1591 circa
1208 1531 1400 1592 talem
1441 1537 1651 1594 actum
1681 1550 1807 1614 11011
1847 1531 2036 1592 inter-

470 1625 640 1686 venit
663 1623 1011 1704 permissio,
1037 1623 1150 1684 sed
1169 1625 1431 1703 positiva
1459 1623 1766 1686 ordinatio
1798 1631 1859 1686 et
1883 1641 2037 1703 prae-

469 1715 689 1789 finitio,
718 1716 970 1794 quando
1001 1715 1142 1777 talis
1179 1722 1354 1777 actus
1407 1717 1802 1778 necessarius
1830 1723 1924 1778 est
1954 1716 2035 1776 ad

473 1809 664 1870 alium
691 1809 884 1870 finem
913 1826 1026 1869 seu
1060 1807 1356 1869 effectum
1387 1809 1869 1890 praedefinitum.

553 1905 651 1963 11.
699 1899 913 1964 Omnes
963 1907 1138 1965 actus
1188 1903 1686 1983 supernaturales
1733 1901 2039 1965 hominum

471 1997 788 2060 electorum
817 2001 964 2058 sunt
981 2013 1020 2058 a
1042 1995 1162 2057 Doo
1182 1996 1935 2077 proefiniti.-Tractatur
1955 1996 2040 2057 lo-

471 2108 576 2154 cus
606 2087 796 2152 Pauli
822 2090 904 2152 ad
930 2091 1097 2170 Eplt.
1129 2090 1450 2150 2-Circa
1489 2090 1834 2151 secundum
1870 2089 2040 2151 ordi-

470 2201 618 2245 nem
647 2189 922 2254 actuum,
969 2181 1354 2260 probabilius
1387 2183 1575 2244 etiam
1622 2199 1850 2244 censeo
1875 2199 2038 2261 proe-

471 2276 729 2337 definire
763 2276 962 2336 Deum
991 2275 1052 2334 in
1085 2275 1427 2348 individuo,
1457 2282 1520 2336 et
1555 2276 1618 2335 in
1649 2275 2034 2354 particulari,

471 2377 534 2431 et
570 2386 713 2430 cum
745 2369 1034 2430 omnibus
1067 2368 1567 2442 circumstantiiS,
1606 2387 1826 2430 omnes
1859 2376 2037 2431 actus

468 2464 668 2524 bonos
697 2469 760 2524 81
788 2463 1318 2542 supernaturales,
1352 2463 1578 2541 quibus
1608 2461 2035 2542 praedestinati

471 2556 736 2617 salutem
771 2565 1262 2634 consequuntur,
1310 2555 1482 2633 quod
1523 2559 1728 2634 potest
1780 2556 2033 2634 probari

471 2669 549 2711 ex
585 2650 705 2710 illis
743 2649 952 2710 verbis
993 2648 1074 2708 ad
1103 2649 1330 2726 EpheS.
1376 2651 1415 2708 2
1445 2668 1456 2708 :
1495 2646 1703 2712 Oronti
1733 2647 1798 2710 in
1843 2648 2036 2729 operi-

469 2741 577 2804 bus
604 2741 794 2814 bonis,
825 2759 958 2822 quoe
977 2743 1363 2822 praeparavit
1388 2741 1552 2804 Deus
1573 2747 1648 2805 ut
1681 2742 1749 2803 in
1788 2743 1874 2804 eis
1903 2759 2034 2805 am-

468 2834 754 2897 bulemus.
783 2834 906 2896 Sed
945 2833 1028 2894 ad
1078 2833 1198 2896 hoc
1226 2835 1674 2909 testimonium,
1725 2841 1794 2897 ut
1841 2855 2032 2917 supra

467 2927 756 2996 indicavi,
785 2928 934 2990 sutis
970 2934 1349 3008 apparenter
1387 2928 1756 3009 responderi
1798 2936 2028 3008 potest,

467 3022 638 3083 aliud
695 3041 832 3084 esse
900 3021 1294 3101 praedefinire
1328 3069 1343 3094 ‚
1407 3022 1579 3084 aliud
1628 3041 1983 3104 praeparare
2011 3069 2028 3097 ,

466 3135 617 3178 nam
645 3115 1040 3196 praedefinire
1082 3123 1174 3177 est
1205 3122 1476 3179 statuere
1508 3118 1762 3179 omnino
1793 3125 1859 3180 ut
1884 3118 2026 3192 nat3

467 3228 823 3291 praeparare
853 3216 1088 3282 autem,
1109 3210 1312 3271 solum
1337 3218 1430 3272 est
1457 3210 1792 3291 disponere
1821 3213 2033 3274 omnia

465 3302 822 3365 necessaria
889 3308 957 3363 ut
1010 3302 1242 3381 aliquid
1299 3302 1408 3364 fiat
1438 3323 1453 3377 ;
1503 3304 1661 3366 sicut
1722 3312 2035 3383 praeparat

466 3398 822 3477 prandium,
868 3396 974 3475 qui
1022 3396 1296 3476 disponit
1325 3398 1556 3470 omnia,
1606 3398 1848 3459 etiamsi
1899 3418 2027 3460 non

468 3492 722 3553 omnino
754 3496 984 3553 statuat
1025 3496 1094 3551 ut
1141 3490 1364 3569 aliquis
1407 3490 1718 3567 comedat,
1774 3492 1884 3553 sed
1927 3510 2030 3553 so-

463 3584 598 3645 lum
630 3584 808 3662 quasi
837 3584 954 3645 sub
985 3582 1364 3657 conditione,
1409 3584 1462 3644 si
1488 3582 1775 3645 voluerit.
1809 3584 1886 3645 Et
1917 3604 2031 3663 po-

465 3684 588 3742 test
629 3678 750 3739 hoc
801 3674 1156 3738 confirmari
1189 3694 1264 3737 ex
1311 3676 1654 3737 intentione
1687 3676 1890 3750 Pauli,
1922 3676 2029 3755 qui

467 3790 595 3833 non
639 3770 913 3850 loquitur
941 3769 1021 3830 ad
1063 3769 1229 3831 solos
1259 3768 1752 3850 praedestinatOS,
1795 3770 1908 3832 sed
1947 3770 2028 3832 ad

465 3869 662 3927 totam
687 3863 1053 3938 Ecclesiam,
1088 3864 1186 3925 cui
1229 3864 1363 3938 toti,
1407 3867 1470 3925 et
1515 3863 1804 3925 omnibus
1833 3882 2027 3925 1118111-

464 3959 595 4021 bris
625 3959 762 4037 ejus
791 3956 1167 4037 praeparavit
1185 3957 1350 4017 Deus
1374 3957 1540 4017 bona
1561 3974 1776 4037 opera,
1799 3956 1862 4017 in
1894 3956 2027 4036 qui-

462 4053 581 4113 bus
609 4051 953 4124 ambulent,
986 4050 1271 4130 quamvis
1290 4068 1418 4111 non
1450 4047 1530 4111 de
1562 4049 1853 4111 omnibus
1875 4068 2029 4129 prae-

464 4146 772 4208 definierit
811 4151 880 4207 ut
907 4145 972 4205 in
1013 4143 1104 4206 eis
1131 4144 1474 4205 ambulent.
1501 4142 1680 4207 Unde
1727 4144 2029 4223 Chrysos·

461 4244 693 4315 10111113,
726 4256 915 4319 quem
943 4236 1120 4299 multi
1152 4237 1254 4298 alii
1283 4236 1626 4311 imitantur,
1658 4236 1842 4298 docet
1871 4236 2025 4297 nihil

465 4334 634 4394 aliud
663 4333 748 4393 ibi
786 4331 1012 4393 docere
1055 4331 1340 4405 Paulum,
1389 4348 1578 4409 quam
1610 4336 1751 4409 post
1777 4350 2025 4393 recrea—

463 4424 702 4488 tionem
736 4443 846 4486 seu
871 4422 1380 4503 justificationem
1407 4441 1524 4502 per
1557 4422 1750 4485 fidem
1792 4425 2023 4500 vivam,

465 4518 822 4580 necessaria
866 4534 1005 4578 esse
1060 4517 1228 4577 bona
1276 4534 1499 4595 opera3
1546 4517 1694 4596 quia
1759 4516 1841 4578 ad
1906 4518 2025 4579 hoc

467 4610 696 4671 dantur
721 4608 903 4669 nobis
941 4606 1139 4687 gratia
1169 4612 1232 4670 et
1248 4608 1511 4687 justitia,
1541 4613 1602 4669 et
1631 4608 1858 4669 auxilia
1883 4624 2023 4688 quae

466 4704 636 4765 illam
681 4703 1082 4775 comitantur,
1125 4706 1194 4762 ut
1235 4702 1300 4761 in
1343 4702 1525 4761 bonis
1558 4702 1851 4781 operibus
1891 4722 2027 4763 am-

464 4798 776 4859 bulemus.
829 4796 952 4857 Sed
1009 4796 1413 4857 nihilominus
1465 4796 1533 4855 D.
1588 4798 1972 4877 Augustinus
2005 4841 2022 4871 ,

465 4892 572 4953 lib.
608 4892 686 4953 de
713 4890 1012 4953 Praedest.
1043 4890 1276 4964 sanct„
1311 4908 1364 4949 8.
1402 4891 1498 4961 10,
1535 4889 1674 4950 haec
1701 4889 1890 4950 verba
1917 4907 2026 4950 ex-

465 4986 640 5067 ponit
667 4985 744 5046 de
774 4981 1226 5064 praeparatione
1255 5000 1369 5061 per
1397 4982 1671 5043 divinam
1707 4982 2027 5061 praedesti-

465 5080 806 5141 nationem.
833 5076 1232 5157 Distinguens
1263 5076 1431 5137 enim
1474 5076 1636 5136 inter
1664 5076 1929 5154 gratiam
1964 5084 2025 5138 ct

465 5171 1101 5255 praedestinationem,
1125 5170 1210 5230 ait
1238 5187 1252 5229 :
1277 5167 1744 5232 Proedeseinatio
1771 5174 1862 5233 est
1884 5188 2027 5251 yra-

466 5264 570 5330 tioe
587 5262 987 5348 prceparatim
1028 5262 1239 5344 qratia
1273 5278 1410 5325 vero
1443 5265 1534 5324 est
1560 5262 1699 5344 ipsa
1735 5262 1976 5326 donatio
1994 5287 2023 5335 ,-

465 5368 526 5423 et
567 5358 777 5420 subdit
805 5376 820 5418 ε
863 5354 1033 5431 Quod
1061 5354 1266 5439 itaque
1293 5355 1387 5419 ait
1421 5354 1746 5437 Apostolus
1770 5380 1792 5416 .·
1822 5353 2027 5419 Greati

462 5456 531 5518 iu
575 5450 816 5517 christo
843 5450 995 5513 ,ἴωσι
1023 5450 1094 5512 in
1136 5448 1408 5531 operibns
1435 5447 1622 5522 bonis,
1651 5448 1862 5530 qratia
1886 5456 1979 5512 est
1998 5475 2025 5524 ,-

463 5550 622 5629 qaod
646 5552 844 5611 autem
889 5546 1162 5626 sequitur
1189 5568 1210 5604 .·
1259 5540 1402 5618 Qua·
1440 5538 1826 5624 proeparavt't
1865 5542 2027 5605 Deus

1291 405 1533 462 ·0PUSC.
1570 411 1610 469 1,
1641 407 1756 462 hm.
1793 407 1876 462 111.
1913 410 1994 462 ΒΕ
2026 407 2300 462 ΑὔΧῙΙ-ΙῘὸ
2334 409 2566 464 mvmAE
2596 405 2863 460 onum.

2112 514 2185 572 ut
2213 510 2279 572 in
2318 510 2406 572 eis
2437 507 2825 578 ambulemus,
2859 502 3318 586 proedestinatio
3359 507 3468 565 est.
3502 501 3652 564 Simi-

2113 603 2196 664 lia
2220 603 2409 664 habet
2430 601 2818 681 Fulgentius,
2843 597 2951 658 lib.
2977 601 3003 658 1
3040 595 3122 656 811
3145 596 3426 674 Monym.
3468 593 3655 658 :Bona

2116 714 2295 777 opera
2320 702 2533 759 nostra
2557 693 2801 757 Paulus
2830 709 2868 754 a
2900 691 3156 753 Domino
3186 687 3417 751 asserit
3438 705 3655 768 proepa-

2116 793 2281 862 rata‚
2316 789 2423 852 hoc
2448 793 2541 851 est
2559 832 2574 861 ,
2601 785 2670 847 in
2688 779 3225 868 proedestinatione
3254 779 3545 861 disposita
3558 807 3580 852 ,·
3606 789 3654 841 et

2116 881 2277 941 infra
2304 899 2317 940 z
2356 880 2541 944 Sicut
2562 882 2921 962 proeparata
2946 881 3039 938 est
3066 894 3178 956 por
3200 871 3655 954 praedestinatio-

2117 993 2250 1036 nem
2278 975 2559 1035 voluntas
2597 990 2636 1035 a
2664 971 2941 1041 DominO,
2994 987 3113 1049 qua
3152 969 3369 1028 bonum
3408 965 3649 1038 velimus,

2117 1069 2209 1130 sic
2234 1067 2419 1130 otiam
2460 1065 2613 1128 bona
2662 1080 2841 1143 opera
2880 1061 3265 1144 praeparavit
3292 1057 3479 1128 Deus,
3506 1063 3569 1120 ut
3602 1060 3655 1121 in

2120 1162 2208 1222 eis
2256 1158 2643 1222 ambulemus.
2676 1157 2827 1218 Item
2862 1156 3149 1233 Prosper,
3181 1153 3223 1212 l.
3270 1153 3311 1214 2
3349 1151 3431 1211 de
3466 1151 3652 1212 Vocat.

2120 1258 2317 1333 gent„
2353 1269 2491 1330 cap.
2514 1253 2613 1323 35,
2636 1251 2789 1310 alias
2823 1251 2921 1321 10,
2940 1246 3058 1308 sub
3082 1247 3301 1319 finem,
3328 1263 3409 1304 ex
3433 1243 3525 1304 his
3550 1263 3658 1304 ver·

2118 1346 2215 1406 bis
2246 1344 2415 1406 Pauli
2462 1344 2549 1404 ita
2598 1341 2914 1404 concludit
2944 1358 2957 1400 :
2990 1341 3155 1402 Deus
3188 1339 3287 1402 his
3338 1355 3485 1418 quoe
3510 1337 3659 1418 clepit

2117 1440 2249 1504 aine
2266 1438 2527 1512 meritis,
2555 1439 2661 1502 dat
2684 1437 2841 1501 unde
2868 1439 3161 1498 ornentur
3187 1441 3246 1497 et
3272 1433 3533 1495 mer-itis.
3562 1433 3659 1492 De·

2116 1533 2305 1611 nique
2335 1534 2407 1593 D.
2428 1533 2701 1593 Thomas
2728 1531 2791 1592 in
2822 1530 2994 1591 illum
3022 1529 3231 1589 locum
3261 1545 3275 1586 τ
3309 1525 3495 1590 Nilia
3515 1525 3661 1587 alind

2116 1630 2207 1689 est
2235 1625 2480 1705 (inquit)
2502 1623 2961 1705 proedestinatio
2990 1639 3171 1702 quam
3192 1622 3565 1700 praeparatio
3590 1620 3659 1680 be·

2117 1717 2467 1796 maliciorum
2493 1718 2629 1790 Dei,
2659 1719 2823 1780 inter
2864 1734 2997 1797 μα’
3036 1713 3315 1794 beneficia
3342 1717 3658 1790 computan-

2118 1815 2224 1874 tm·
2262 1809 2483 1891 etipsa
2522 1811 2671 1872 bona
2708 1827 2887 1890 opera
2922 1811 3155 1869 nostra.
3204 1803 3457 1868 Dicitur
3486 1811 3657 1866 autem

2118 1907 2279 1968 Deus
2302 1904 2474 1967 nobis
2502 1901 2711 1984 aliqua
2729 1917 3108 1983 pra-parare,
3152 1897 3222 1960 in
3245 1902 3537 1978 quantum
3558 1896 3660 1958 dis-

2112 1997 2321 2080 posuit
2348 2014 2411 2060 so
2446 1997 2617 2059 nobis
2652 1997 2961 2058 daturum.
3000 1993 3196 2072 Igitur
3230 1990 3295 2050 hi
3328 1989 3541 2051 Patres
3585 1991 3660 2049 in-

2117 2091 2431 2152 tellexisse
2462 2087 2871 2150 videntur-illa
2900 2085 3089 2147 verba
3119 2083 3199 2144 de
3228 2083 3659 2163 praeparatione

2118 2201 2234 2264 per
2283 2183 2561 2244 divinam
2609 2181 2997 2242 voluntatem
3041 2178 3503 2258 disponentem,
3534 2195 3661 2254 prae-

2119 2279 2559 2350 destinantem,
2578 2279 2767 2356 atque
2798 2273 2957 2334 adeo
2976 2271 3509 2353 praedefinientem
3530 2269 3658 2332 dare

2120 2372 2300 2433 nobis
2348 2369 2498 2432 talia
2554 2387 2766 2448 opera.
2808 2366 3107 2446 Expende
3158 2365 3325 2426 enim
3394 2381 3501 2424 eos
3552 2382 3659 2424 non

2120 2463 2323 2526 solum
2364 2463 2573 2526 dicere
2607 2479 2991 2542 praeparasse
3024 2462 3223 2521 Deum
3252 2457 3435 2518 nobis
3457 2457 3658 2517 auxilia

2118 2575 2420 2638 congrua,
2478 2555 2590 2618 sed
2613 2557 2749 2636 ipsa
2791 2554 2959 2616 bona
3003 2569 3218 2631 opera,
3248 2570 3367 2631 per
3390 2556 3659 2612 aeternam

2119 2649 2735 2730 praedestinationem
2768 2666 2784 2720 ς
2832 2664 2970 2726 quae
3005 2646 3172 2707 idem
3201 2651 3297 2706 est
3324 2643 3491 2721 quod
3522 2660 3659 2722 prte-

2115 2743 2413 2818 definitio,
2440 2749 2729 2823 respectu
2762 2741 2979 2802 talium
2997 2755 3285 2820 operum.
3314 2737 3387 2797 Et
3414 2735 3658 2814 Fulgen-

2112 2837 2236 2900 tius
2286 2837 2533 2897 videtur
2568 2834 2923 2914 expressius
2949 2833 3083 2893 haec
3112 2829 3493 2910 distinguere
3514 2875 3529 2900 ,
3564 2829 3657 2886 sci·

2114 2929 2280 3001 licet,
2320 2927 2657 3010 praeparari
2687 2926 3077 2988 voluntatem
3100 2943 3137 2984 a
3162 2924 3432 2985 Domino
3470 2926 3538 2981 ut
3564 2919 3657 2980 bo·

2112 3039 2267 3082 num
2294 3023 2465 3094 velit,
2507 3020 2677 3101 quod
2714 3019 2788 3082 fit
2825 3037 2937 3099 per
2964 3017 3262 3080 auxilium
3286 3033 3649 3096 congruum;

2116 3124 2177 3177 et
2216 3134 2569 3197 proeparare
2600 3116 2737 3195 ipsa
2762 3114 2929 3175 bona
2960 3130 3175 3192 opera,
3219 3114 3290 3171 ut
3318 3109 3384 3169 in
3414 3109 3500 3169 eis
3538 3126 3652 3167 8111-

2112 3210 2423 3283 bulemus,
2445 3207 2614 3289 quod
2650 3207 2720 3268 fit
2746 3224 2863 3287 per
2882 3206 3101 3267 efficax
3126 3204 3513 3285 propositum
3536 3202 3651 3273 Dei,

2114 3322 2193 3365 ex
2228 3321 2353 3382 quo
2390 3302 2587 3364 oritur
2610 3301 2855 3361 vocatio
2883 3318 3182 3381 congrua.

2194 3398 2289 3457 12.
2310 3395 2435 3458 Sed
2458 3394 2665 3456 adhuc
2694 3394 2857 3455 dicet
2876 3393 3101 3473 aliquis
3120 3397 3317 3453 totam
3332 3392 3491 3453 118118
3518 3410 3654 3470 prae·

2112 3488 2502 3569 parationem
2540 3506 2668 3548 non
2704 3488 3043 3549 consistere
3074 3486 3139 3547 in
3174 3484 3649 3565 praedefinifione

2110 3583 2387 3662 ipsorum
2422 3581 2735 3642 bonorum
2776 3598 3059 3661 operum,
3105 3580 3219 3641 sed
3259 3580 3323 3639 in
3361 3596 3651 3658 praepara-

2108 3675 2279 3737 tione
2328 3674 2543 3735 auxilii
2590 3692 2704 3736 seu
2752 3674 3096 3735 vocationis
3147 3672 3545 3754 congruentis
3581 3669 3649 3730 ad

2106 3770 2602 3849 unumquodque
2644 3770 2881 3829 bonum
2930 3786 3122 3847 opus;
3168 3785 3343 3841 nam,
3396 3772 3465 3827 ut
3508 3766 3648 3826 dice·

2106 3864 2255 3925 bam
2277 3910 2293 3938 ,
2336 3880 2713 3957 =proeparare
2768 3862 3093 3935 effectum,
3142 3860 3297 3921 nihil
3356 3860 3522 3921 aliud
3570 3864 3648 3919 est

2109 3974 2303 4038 quam
2328 3961 2545 4037 aptare
2565 3976 2677 4019 seu
2706 3956 3018 4037 applicare
3039 3973 3267 4017 causas
3286 3955 3647 4017 necessarias

2110 4050 2191 4113 ad
2212 4051 2529 4113 effectum.
2566 4050 2922 4130 Praeparare
2952 4048 3143 4129 igitur
3168 4045 3644 4133 praedestinando

2106 4144 2261 4205 nihil
2307 4143 2477 4205 alind
2528 4144 2665 4217 erit,
2699 4160 2891 4224 quam
2934 4160 3289 4222 proeparare
3319 4140 3539 4202 auxilia
3576 4140 3645 4199 ita

2106 4254 2407 4317 congrua,
2436 4240 2508 4297 ut
2553 4235 2956 4297 infallibiliter
3002 4235 3304 4317 inducant
3348 4234 3529 4296 talem
3568 4230 3640 4293 ef-

2106 4330 2359 4391 fectum.
2418 4328 2579 4401 Quin
2617 4330 2827 4408 potius
2870 4329 2989 4391 hoc
3038 4346 3232 4390 sensu
3272 4334 3529 4408 possunt
3552 4324 3637 4386 illa

2104 4425 2297 4487 verba
2348 4423 2430 4486 ad
2482 4442 2704 4486 omnes
2750 4422 3049 4503 applicari
3079 4422 3356 4504 quadam
3388 4420 3642 4485 distribu-

2106 4518 2276 4580 tione
2306 4516 2747 4590 accommoda;
2800 4535 2950 4579 nam
2994 4518 3287 4579 omnibus
3317 4516 3481 4578 Deus
3508 4532 3643 4595 prae-

2108 4616 2285 4691 parat
2323 4612 2493 4672 bona
2530 4626 2745 4690 opera,
2788 4609 3200 4691 praeparando
3245 4610 3493 4679 auxilia,
3536 4624 3641 4667 non

2108 4711 2321 4767 tamen
2351 4704 2641 4765 omnibus
2668 4702 2890 4765 eodem
2916 4703 3126 4776 modo,
3161 4704 3273 4764 sed
3296 4702 3640 4783 quibusdam

2108 4800 2309 4859 solum
2345 4815 2458 4878 per
2482 4796 2851 4858 sufficientia
2875 4798 3139 4871 auxilia3
3176 4798 3314 4858 aliis
3343 4812 3512 4871 vere,
3546 4793 3642 4853 sci-

2104 4892 2247 4952 licet
2272 4890 2750 4969 praedestinatis,
2788 4910 2901 4970 per
2926 4891 3153 4951 auxilia
3187 4908 3484 4970 congrua.
3516 4884 3639 4957 Sed,

2104 4985 2251 5045 licet
2271 4984 2433 5044 hanc
2464 4984 2917 5063 expositionem
2940 4984 3363 5057 admittamuS,
3394 5000 3525 5062 quae
3552 4998 3641 5039 118-

2106 5096 2227 5156 que
2266 5096 2303 5137 a
2331 5077 2539 5139 verbis
2571 5076 2745 5137 Pauli
2772 5082 2865 5138 est
2910 5078 3136 5150 aliena,
3170 5094 3383 5155 neque
3430 5073 3642 5153 exposi-

2104 5170 2377 5232 tionibus
2406 5175 2765 5231 sanctorum
2794 5170 3124 5242 contraria,
3154 5168 3267 5229 sed
3294 5168 3433 5229 illas
3464 5165 3641 5228 conci·

2106 5263 2288 5338 Hane,
2318 5282 2395 5325 ex
2427 5264 2529 5324 illa
2560 5262 2940 5325 sufficienter
2961 5260 3245 5325 concludi
3276 5267 3477 5341 potest
3496 5256 3642 5338 quod

2106 5356 2509 5419 intendimus.
2552 5356 2613 5418 Si
2665 5357 2831 5417 enim
2874 5356 3041 5417 Deus
3085 5354 3325 5415 homini
3356 5351 3639 5434 praedesti-

2106 5454 2254 5511 nato
2284 5452 2659 5531 praeparavit
2704 5450 3003 5511 auxilium
3034 5466 3379 5528 congruum
3428 5454 3485 5509 ut
3524 5462 3637 5505 cre-

2108 5542 2236 5618 dat,
2265 5543 2364 5605 vel
2394 5549 2461 5605 ut
2490 5548 2909 5611 convertatur,
2945 5548 3051 5603 aut
3094 5546 3470 5619 perseveret,
3516 5537 3633 5597 ideo

3801 2303 3802 2338 l

3800 2347 3803 2392 1

3801 2395 3802 2418 1
