3850 6225
725 384 858 440 CAP.
895 389 954 440 V.
993 387 1160 440 DEUM
1192 387 1438 440 HABERE
1471 390 1638 442 11.ch
1671 391 2001 442 scu-:Numi
2036 392 2577 454 coNntTtONALtUM,
2612 394 2747 447 ETc.
3225 393 3345 462 359

120 485 280 564 quia
314 486 676 568 hujusmodi
715 488 1172 568 propositiones
1202 505 1277 549 ex
1313 488 1374 550 vi
1406 495 1466 552 et
1510 489 1697 551 modo

119 599 264 640 sua}
317 580 784 658 significationis
839 586 984 642 sunt
1040 581 1458 655 affirmativae,
1512 588 1571 644 et
1619 582 1696 642 de

117 673 414 752 subjecto
455 691 580 734 non
617 680 1036 753 supponente,
1098 675 1290 753 quod,
1337 695 1414 736 cx
1451 676 1510 734 vi
1559 675 1698 736 talis

117 766 594 846 propositionis,
625 785 744 828 nee
773 772 899 838 est,
937 785 1053 828 nec
1080 767 1216 838 fuit,
1249 787 1366 830 nec
1407 769 1552 842 erit;
1585 767 1696 830 scd

109 862 308 940 juxta
341 861 591 940 regulas
635 860 972 922 dialecticae
1003 861 1345 940 propositio
1376 862 1696 922 affirmans

115 955 206 1014 de
258 955 536 1033 subjecto
564 973 692 1016 non
723 961 1114 1033 supponente
1161 960 1258 1015 est
1284 955 1480 1032 falsa,
1515 974 1688 1034 ergo.

117 1047 566 1126 Respondetur
592 1047 895 1127 imprimis
927 1065 942 1106 :
978 1051 1306 1109 sumantur
1329 1049 1694 1128 propositio-

119 1160 248 1202 nes
288 1141 611 1220 negativae,
659 1159 772 1202 seu
811 1140 890 1202 de
935 1141 1229 1220 negativo
1275 1143 1524 1216 effectu,
1569 1149 1636 1204 ut
1675 1161 1689 1203 :

119 1235 194 1296 Si
237 1234 454 1295 Petrus
494 1234 560 1294 in
607 1233 714 1294 tali
775 1233 1102 1295 occasione
1151 1238 1410 1295 vocetur
1463 1253 1500 1296 a
1539 1237 1692 1311 De0,

117 1343 262 1386 non
289 1332 723 1400 convertetur3
767 1327 834 1386 in
861 1327 980 1386 hac
1009 1327 1174 1387 enim
1215 1328 1372 1387 nihil
1421 1329 1695 1390 affirma-

116 1425 254 1492 tur,
310 1419 424 1480 sed
469 1419 674 1499 potius
705 1423 970 1496 negatur
997 1419 1236 1498 aliquid
1277 1418 1356 1482 de
1391 1421 1498 1481 tali
1547 1422 1692 1482 sub-

109 1511 328 1590 jecto;
363 1527 539 1590 ergo,
569 1511 856 1590 quamvis
885 1510 1107 1572 demus
1135 1529 1273 1574 esse
1304 1511 1382 1572 de
1410 1513 1696 1592 subjecto

119 1622 258 1664 non
311 1609 726 1682 supponente,
776 1603 1002 1682 poterit
1031 1621 1171 1663 esse
1213 1622 1364 1664 vera
1417 1610 1525 1666 aut
1568 1623 1696 1666 non

123 1696 320 1758 falsa.
351 1696 641 1758 Secundo
687 1702 748 1756 et
773 1696 856 1758 ad
881 1714 1016 1756 rem
1044 1695 1289 1766 dicitur,
1321 1696 1388 1756 in
1417 1716 1697 1776 unaqua-

117 1808 252 1868 que
283 1789 619 1864 locutione,
660 1795 731 1850 ut
756 1807 904 1851 vera
933 1789 1033 1860 sit,
1067 1789 1421 1868 subjectum
1461 1790 1693 1852 debere

117 1901 488 1963 supponere
527 1883 708 1962 juxta
752 1883 1132 1960 exigentiam
1188 1883 1446 1962 copulae.
1491 1884 1692 1958 Unde,

115 1976 185 2036 in
233 1975 762 2054 propositionibus
798 1992 940 2053 quae
993 1974 1288 2036 dicuntur
1332 1977 1693 2038 abstrahere

115 2089 156 2130 a
189 2077 502 2148 tempore,
533 2087 662 2128 non
688 2069 1029 2148 requiritur
1067 2075 1136 2129 ut
1172 2070 1524 2149 subjectum
1553 2089 1696 2149 sup-

113 2168 326 2241 ponat
365 2178 480 2241 pro
533 2179 602 2221 re
638 2180 778 2240 quas
831 2160 1170 2239 aliquando
1224 2169 1350 2236 est,
1391 2163 1508 2224 fuit
1533 2209 1548 2235 ‚
1595 2164 1695 2224 vel

113 2255 266 2326 erit,
311 2255 426 2316 sed
465 2254 667 2314 solum
699 2254 1047 2315 secundum
1089 2273 1226 2317 esse
1263 2257 1549 2317 essentiae
1581 2275 1693 2317 seu

111 2348 461 2430 possibile;
496 2347 582 2408 sic
610 2365 761 2426 ergo
789 2348 857 2408 in
886 2348 1200 2427 praesenti,
1239 2350 1386 2429 quia
1417 2351 1512 2410 hae
1547 2369 1693 2429 pro-

109 2442 470 2521 positiones
523 2459 652 2501 non
711 2440 1064 2518 significant
1113 2443 1350 2522 aliquid
1407 2444 1688 2504 absolute

111 2537 430 2607 futurum,
459 2552 668 2613 neque
709 2535 1024 2594 affirmant
1067 2535 1460 2596 existentiam
1504 2537 1690 2597 unius

109 2630 228 2690 vel
258 2627 513 2688 alterius
542 2627 840 2699 extremi,
894 2627 1008 2687 sed
1055 2627 1254 2688 solam
1304 2629 1690 2708 conjunctio-

111 2741 276 2784 nem
304 2721 490 2782 unius
517 2739 660 2783 cum
691 2720 836 2793 alio,
869 2721 920 2780 si
955 2721 1220 2782 alterum
1243 2722 1306 2781 in
1329 2741 1466 2784 esse
1493 2742 1691 2803 pona-

113 2823 252 2888 tur,
297 2815 439 2875 ideo
473 2833 604 2875 non
643 2815 974 2891 requirunt
1018 2815 1372 2876 absolutam
1409 2817 1688 2896 supposi-

111 2911 362 2972 tionem
413 2925 528 2987 pro
582 2926 650 2968 re
705 2907 1040 2987 aliquando
1071 2910 1395 2981 existente,
1430 2911 1542 2972 sed
1589 2929 1690 2972 so-

107 3003 256 3062 lum
277 2999 780 3073 conditionalem,
813 3006 1000 3079 prout
1025 3017 1139 3078 per
1177 3002 1466 3080 copulam
1496 3004 1687 3082 signi-

109 3097 370 3159 ficatur.

205 3194 307 3253 ¹3.
349 3188 660 3269 Rejicitwr
703 3192 964 3253 secunda
991 3193 1314 3255 sententia.
1340 3192 1688 3253 —Adden·

107 3287 275 3347 dum
304 3290 601 3363 praeterea
643 3290 739 3345 est
786 3290 1002 3344 contra
1051 3285 1392 3345 secundam
1430 3291 1686 3347 senten-

105 3382 300 3450 tiam,
326 3378 442 3439 has
476 3378 933 3457 propositiones
963 3396 1092 3439 non
1139 3396 1278 3439 esse
1325 3378 1684 3439 indetermi-

107 3476 306 3533 natas
357 3476 420 3531 et
475 3470 650 3549 quasi
707 3488 1048 3549 suspensas
1089 3470 1299 3547 quoad
1353 3470 1684 3532 veritatem

107 3568 218 3629 vel
263 3566 632 3635 falsitatem,
674 3565 788 3627 sed
827 3564 1088 3627 alteram
1123 3565 1534 3627 determinate
1572 3566 1684 3625 ha-

109 3662 278 3721 bere
319 3659 384 3721 in
408 3676 500 3734 se,
541 3661 604 3719 et
629 3658 966 3736 aliquando
997 3676 1136 3719 esse
1164 3677 1367 3731 veraS,
1401 3658 1685 3738 aliquan-

113 3754 204 3815 do
251 3752 464 3825 falsae,
491 3752 670 3831 juxta
723 3750 1222 3813 conformitatem
1254 3752 1354 3813 vel
1385 3752 1686 3815 difformi-

112 3852 318 3907 tatem
349 3845 430 3915 ad
469 3845 531 3907 id
560 3843 729 3924 quod
771 3842 1144 3922 significant.
1180 3844 1506 3919 Probatur,
1537 3846 1682 3924 quia

113 3938 450 4017 imprimiS,
481 3943 790 4017 quantum
815 3937 1036 3997 attinet
1074 3936 1156 3997 ad
1197 3936 1455 3997 modum
1495 3936 1686 4016 signi-

111 4030 350 4094 ficandi
403 4050 644 4104 earum,
691 4029 774 4090 ita
819 4029 1146 4091 enuntiant
1191 4046 1389 4089 unum
1417 4029 1495 4089 de
1537 4030 1681 4098 alio,

111 4132 191 4185 ut
215 4125 503 4187 sufficere
532 4124 729 4204 possit
755 4122 836 4185 ad
861 4141 1080 4185 verum
1109 4123 1208 4183 vel
1235 4122 1466 4183 falsum
1493 4122 1687 4200 signi-

109 4218 480 4289 ficandum;
513 4234 662 4277 nam
717 4218 854 4277 haec
897 4215 1228 4277 affirmatio
1277 4216 1377 4276 vel
1433 4215 1683 4295 negatio

111 4330 254 4371 non
287 4310 487 4371 solum
517 4328 633 4391 per
662 4309 921 4371 modum
963 4308 1303 4381 indicativi,
1349 4309 1461 4369 sed
1495 4310 1684 4369 etiam

121 4404 269 4463 aliis
295 4403 496 4463 modis
531 4402 668 4463 fieri
715 4407 936 4481 potest,
974 4407 1040 4462 ut
1067 4400 1430 4461 Aristoteles
1472 4400 1680 4472 sentit,

117 4500 146 4557 1
191 4495 274 4557 de
313 4496 606 4575 interpr„
661 4512 800 4573 cap.
840 4496 901 4555 4.
945 4494 1021 4554 Et
1049 4499 1221 4573 patet
1256 4512 1334 4554 ex
1362 4494 1681 4555 communi

109 4572 310 4648 modo
350 4588 682 4667 loquendi;
716 4586 968 4666 quando
1009 4586 1174 4647 enim
1205 4587 1343 4665 quis
1373 4586 1520 4647 dicit
1551 4604 1564 4646 :
1608 4586 1690 4649 Si

105 4681 404 4749 renisus,
438 4681 544 4745 Ιιοσ
565 4681 856 4758 recisam,
891 4678 1126 4757 aliquid
1165 4680 1300 4738 sine
1348 4678 1540 4740 dubio
1595 4680 1680 4739 af-

113 4773 352 4843 firmat,
396 4774 460 4833 in
508 4792 634 4853 quo
679 4778 882 4852 potest
907 4772 1126 4859 ‘dicere
1162 4790 1382 4832 verum
1428 4778 1532 4849 aut
1574 4773 1688 4833 fal·

117 4884 283 4927 sum.
318 4866 473 4927 Item
511 4868 710 4928 oratio
759 4865 864 4925 illa
897 4884 1026 4925 nou
1065 4864 1358 4945 relinquit
1403 4866 1685 4927 animum

115 4976 520 5036 suspensum,
565 4959 736 5021 unde
772 4958 1084 5019 interdum
1133 4975 1440 5037 negamus
1467 4958 1687 5019 admit·

118 5054 388 5115 timusve
436 5052 606 5131 quod
659 5052 748 5113 sic
795 5050 1116 5111 asseritur.
1167 5050 1450 5129 Denique
1487 5051 1552 5110 in
1581 5051 1684 5112 illo

116 5144 312 5207 modo
339 5144 730 5223 significandi
777 5161 918 5205 esse
963 5147 1170 5221 potest
1198 5143 1408 5221 aliqua
1445 5150 1686 5204 contra-

115 5238 338 5307 dictio;
366 5238 427 5297 in
456 5237 630 5299 omni
649 5240 861 5297 autem
890 5235 1400 5307 contradictione,
1423 5253 1684 5296 neccsse

113 5336 218 5393 est
253 5346 448 5391 unam
471 5336 720 5409 partem
747 5346 887 5391 esse
914 5345 1154 5399 veram,
1191 5334 1254 5389 et
1279 5328 1542 5389 alteram
1569 5328 1685 5389 fal-

115 5442 292 5496 sam;
325 5441 500 5505 ergo,
540 5428 848 5502 quantum
875 5429 970 5483 est
1013 5440 1092 5483 ex
1133 5421 1524 5501 significandi
1554 5439 1686 5483 mo-

113 5519 228 5590 do,
261 5521 356 5577 est
385 5516 470 5577 ibi
497 5516 814 5579 sufficiens
849 5513 1330 5576 fundament-um
1359 5514 1686 5575 ad-verita-

1779 495 1908 550 tem
1952 491 2051 552 vel
2079 491 2411 554 salsitatem
2440 492 2941 559 determinatam.
2974 497 3151 571 Quod
3191 520 3342 566 vero

1779 602 1987 661 neque
2041 604 2117 646 ex
2168 591 2343 666 parte
2390 587 2481 648 rei
2538 588 2900 667 significatae
2952 596 3147 672 possit
3201 615 3341 658 esse

1779 677 1914 737 haec
1972 679 2300 758 suspensio
2338 681 2439 742 vel
2483 681 2993 758 indeterminatio
3020 732 3034 756 ,
3092 689 3340 766 probari

1778 777 1985 849 potest
2014 773 2307 834 omnibus
2336 775 2680 835 rationibus
2704 777 2931 854 quibus
2965 778 3028 838 id
3056 779 3132 840 de
3162 781 3343 842 abso-

1778 864 1904 927 lute
1959 866 2181 929 futuris
2228 869 2645 940 ostendimus;
2698 877 2793 944 est
2830 873 3059 950 quippe
3118 877 3341 938 eadem

1777 958 1909 1019 fere
1947 959 2124 1030 rati0,
2160 963 2671 1042 quandoquidem
2697 964 2905 1025 futura
2936 966 3121 1028 etiam
3160 969 3342 1030 ahso-

1774 1050 1930 1125 luta‚
1972 1054 2274 1132 quamdiu
2308 1073 2435 1116 non
2486 1061 2651 1128 sunt,
2690 1058 2843 1117 nihil
2890 1065 3080 1130 sunt,
3130 1080 3247 1123 nec
3280 1063 3343 1123 in

1777 1146 1906 1206 suis
1943 1149 2147 1208 causis
2177 1148 2413 1210 habent
2437 1149 3043 1221 determinationem,
3089 1159 3151 1214 et
3192 1155 3341 1232 quia

1775 1239 2212 1302 conditionalis
2259 1242 2324 1302 in
2366 1241 2484 1303 hac
2536 1243 2799 1305 materia
2840 1262 2969 1305 non
3014 1245 3220 1308 differt
3260 1247 3343 1308 ab

1773 1332 2064 1420 absoluta
2086 1332 2205 1394 nisi
2230 1334 2293 1395 in
2320 1334 2698 1409 conditione,
2719 1356 2843 1416 qua
2868 1338 3173 1417 completa
3202 1357 3341 1420 pro·

1777 1426 2002 1506 positio
2052 1426 2336 1488 redditur
2370 1428 2695 1502 absoluta;
2728 1448 2878 1506 ergo
2916 1449 3057 1492 cum
3085 1450 3342 1510 propor-

1778 1519 1948 1579 tione
1979 1518 2066 1580 sic
2096 1525 2190 1580 est
2214 1520 2627 1582 determinata
2674 1523 2905 1585 veritas
2934 1523 2999 1583 in
3040 1525 3340 1585 conditio-

1776 1613 1943 1674 natis
1972 1614 2129 1675 sicut
2156 1615 2217 1674 in
2242 1614 2543 1676 absolutis
2578 1615 3017 1678 locutionibus.
3057 1617 3339 1696 Explica·

1777 1712 1880 1767 tur
1932 1705 2159 1768 deinde
2209 1707 2273 1768 in
2297 1709 2465 1770 hunc
2498 1709 2789 1782 modum,
2827 1711 2997 1788 quia,
3040 1711 3090 1771 si
3122 1709 3339 1773 Petrus

1778 1799 2261 1862 constitueretur
2291 1801 2353 1862 in
2395 1801 2502 1863 tali
2558 1803 2885 1864 occasione
2944 1811 3007 1866 et
3060 1823 3201 1864 eum
3230 1805 3338 1867 tali

1777 1895 2209 1968 contentione,
2251 1896 2607 1956 necessario
2637 1903 3011 1974 peccaturus
3055 1904 3188 1960 erat
3231 1905 3341 1960 aut

1777 2004 1906 2047 non
1952 1993 2355 2066 peccaturus;
2404 1995 2465 2050 et
2508 1989 2591 2049 ita
2639 1988 2747 2050 illa
2784 1991 3221 2052 conditionalis
3259 1991 3337 2052 de

1777 2079 2085 2159 disjuncto
2116 2087 2395 2143 extremo
2439 2083 2572 2144 sine
2614 2083 2745 2143 ulla
2792 2085 3213 2145 controversia
3246 2091 3338 2147 est

1773 2192 1949 2247 vera,
1974 2172 2118 2253 quia
2150 2181 2245 2237 est
2273 2175 2627 2236 necessaria
2652 2195 2667 2250 ;
2702 2193 2829 2236 non
2852 2183 3096 2255 poterat
3126 2182 3338 2239 autem

1775 2267 1994 2328 Petrus
2020 2273 2355 2346 utrumque
2396 2269 2642 2329 efficere
2682 2287 2696 2328 :
2736 2286 2885 2346 ergo
2917 2269 2981 2329 in
3029 2287 3097 2330 re
3140 2287 3337 2332 unum

1775 2365 1910 2422 erat
1936 2361 2297 2432 effecturus,
2332 2361 2501 2440 quod
2527 2363 2587 2421 in
2628 2379 2697 2423 se
2722 2362 3207 2423 determinatum
3240 2381 3337 2424 es-

1773 2459 1887 2526 set,
1933 2455 2217 2533 quamvis
2250 2473 2367 2516 nos
2407 2455 2597 2516 lateat
2625 2455 2777 2534 quid
2814 2455 2970 2517 illud
3012 2457 3120 2528 sit3
3155 2475 3332 2535 erge,

1773 2548 1825 2608 si
1849 2565 2017 2607 nunc
2036 2565 2151 2626 per
2180 2548 2348 2608 illam
2374 2549 2863 2628 propositionem
2890 2549 2951 2609 id
2980 2551 3219 2611 affirma
3229 2556 3333 2610 tur

1771 2640 1941 2718 quod
1966 2639 2245 2702 facturus
2274 2647 2429 2715 erat,
2460 2641 2567 2702 illa
2596 2642 2925 2703 affirmatio
2956 2649 3052 2704 est
3073 2661 3243 2715 vera,
3272 2647 3337 2706 et

1772 2733 2250 2795 contradictoria
2296 2734 2473 2794 falsa.
2522 2735 2631 2796 Vel
2682 2754 2717 2796 e
2754 2736 3067 2797 contrario·
3112 2737 3162 2796 si
3206 2754 3333 2797 non

1771 2832 1906 2888 erat
1946 2827 2245 2903 facturus,
2280 2829 2610 2890 affirmatio
2652 2834 2785 2890 erat
2814 2828 2993 2900 falsa,
3038 2836 3100 2890 et
3144 2848 3335 2910 nega-

1767 2920 1854 2980 tio
1883 2938 2067 2992 vera;
2104 2939 2255 3002 ergo
2296 2924 2362 2984 in
2388 2941 2459 2984 re
2490 2939 2741 3002 semper
2768 2941 2895 2984 una
2923 2941 3069 3003 pars
3106 2927 3201 2986 est
3224 2923 3336 2987 de-

1767 3013 2125 3085 terminata,
2159 3015 2273 3076 etsi
2299 3034 2418 3077 nos
2452 3016 2664 3077 lateat.

1847 3107 1924 3167 Et
1993 3106 2399 3169 confirmatur
2465 3128 2539 3171 ac
2602 3109 2957 3171 declaratur
3010 3109 3278 3189 amplius
3311 3130 3327 3183 ς

1767 3218 1939 3271 nam,
1986 3200 2035 3261 si
2074 3202 2239 3264 Deus
2274 3201 2471 3277 (verbi
2500 3202 2751 3280 gratia),
2780 3210 3113 3282 postquam
3144 3202 3336 3263 voluit

1768 3293 2021 3359 Petrum
2050 3311 2287 3365 creare,
2308 3302 2371 3356 et
2400 3296 2463 3355 in
2490 3294 2596 3357 tali
2624 3296 3085 3375 opportunitate
3112 3295 3336 3357 consti·

1764 3389 1946 3445 tuere
1976 3392 2085 3447 aut
2110 3388 2497 3465 permittere,
2528 3388 2681 3449 vidit
2703 3388 2877 3449 illum
2901 3395 3330 3467 peccaturum,

1759 3478 1890 3557 jam
1927 3478 2007 3539 de
2037 3478 2143 3539 illo
2178 3480 2617 3541 conditionalis
2654 3488 2749 3542 est
2778 3499 2925 3543 vera
2954 3500 2967 3541 :
3004 3480 3083 3545 Si
3108 3482 3335 3545 Petrus

1767 3576 2009 3633 creatur
2042 3571 2109 3633 in
2131 3570 2247 3635 tali
2274 3572 2595 3637 occasione.
2622 3575 2931 3653 pec-cam,-
2965 3592 3115 3653 ergo
3145 3573 3336 3633 etiarn

1767 3664 1818 3723 si
1844 3663 2300 3743 intelligeretur
2332 3666 2437 3726 illa
2478 3667 2678 3727 oratio
2723 3666 2981 3746 proferri
3022 3665 3193 3745 prius
3237 3684 3334 3727 ra-

1765 3757 1959 3829 tione,
1987 3776 2179 3836 quam
2195 3760 2363 3819 Deus
2381 3759 2567 3820 vellet
2599 3760 2849 3822 Petrum
2878 3777 3115 3833 creare,
3144 3758 3333 3819 etiam

1765 3850 1870 3910 illa
1899 3850 2241 3929 propositio
2270 3857 2435 3913 esset
2462 3870 2609 3913 vera
2640 3852 3074 3914 determinate.
3105 3852 3336 3912 Proba·

1765 3947 1868 4004 tur
1897 3944 2368 4021 consequentia,
2396 3945 2545 4022 quia
2561 3946 2696 4024 jam
2728 3945 3045 4005 habuisset
3082 3962 3159 4005 ex
3187 3949 3335 4005 tunc

1766 4034 2265 4097 conformitatem
2292 4055 2434 4097 cum
2466 4056 2533 4098 re
2560 4036 2943 4111 significata3
2976 4038 3139 4098 hanc
3167 4038 3335 4097 enim

1767 4146 1894 4189 non
1935 4128 2103 4201 fecit,
2136 4128 2247 4189 sed
2278 4129 2551 4191 ostendit
2583 4131 2788 4209 potius
2822 4135 2886 4191 et
2916 4128 3339 4190 manifestavit

1768 4222 2029 4283 effectus
2085 4223 2456 4283 subsecutus
2476 4268 2491 4295 ,
2551 4230 2885 4301 postquam
2938 4224 3103 4283 Deus
3142 4222 3340 4282 voluit

1769 4315 2021 4375 Petrum
2052 4331 2293 4389 creare,
2324 4321 2468 4386 etc.;
2500 4332 2649 4394 ergo
2675 4314 2897 4376 eadem
2927 4316 3165 4376 ratione
3205 4332 3335 4375 om-

1765 4406 1864 4467 nis
1907 4405 2342 4467 conditionalis
2372 4407 2589 4468 similis
2620 4406 2933 4467 intellecta
2974 4407 3075 4468 vel
3105 4406 3341 4486 cogita-

1767 4505 1830 4561 ta
1857 4499 1924 4559 in
1964 4499 2069 4560 illo
2114 4501 2325 4579 signo,
2370 4503 2713 4579 antequam
2754 4502 2923 4560 Deus
2961 4499 3197 4579 aliquid
3230 4498 3341 4559 de·

1769 4592 2033 4653 creverit
2074 4596 2184 4655 aut
2206 4593 2471 4653 voluerit
2519 4592 2598 4653 de
2628 4593 2735 4653 illo
2765 4592 3179 4653 antecedente
3214 4591 3334 4651 sub

1769 4684 2125 4745 conditione
2180 4690 2430 4763 sumpto
2456 4730 2473 4757 ,
2536 4691 2634 4745 est
2681 4684 3097 4745 determinate
3138 4702 3287 4743 vera
3320 4728 3337 4755 ,

1767 4782 1877 4837 aut
1913 4776 2330 4838 determinate
2367 4778 2549 4849 falsa,
2608 4778 2755 4855 quia
2798 4777 3006 4838 statim
3060 4795 3135 4837 ac
3171 4778 3341 4837 Deus

1768 4886 2005 4948 ponere
2034 4869 2166 4930 vult
2191 4869 2255 4929 in
2276 4888 2416 4930 esse
2437 4869 2595 4930 illud
2621 4870 3027 4945 antecedenS,
3057 4869 3341 4931 absolute

1769 4961 2257 5022 determinatum
2286 4967 2382 5022 est
2406 4962 2558 5040 quid
2588 4980 2665 5022 ex
2692 4962 2797 5022 illo
2828 4961 3223 5041 sequendum
3264 4962 3345 5021 sit

1767 5052 1865 5112 vel
1895 5071 2025 5113 non
2062 5054 2177 5125 sit;
2206 5071 2357 5133 ergo
2384 5054 2539 5115 illud
2585 5054 2793 5134 ipsum
2824 5060 3013 5115 antea
3052 5054 3171 5114 sub
3198 5072 3343 5115 con-

1767 5145 2001 5207 ditione
2062 5146 2375 5225 prolatum
2428 5152 2564 5208 erat
2612 5147 3033 5208 determinate,
3076 5164 3294 5207 verum
3321 5190 3339 5220 ,

1767 5242 1876 5297 aut
1904 5238 2319 5301 determinate
2344 5239 2597 5312 falsum,
2612 5240 2793 5319 juxta
2824 5239 3202 5319 exigentiam
3234 5239 3344 5299 ob-

1761 5331 1933 5409 jecti.
1967 5332 2041 5391 Et
2076 5332 2504 5406 confirmatur,
2531 5350 2680 5393 nam
2711 5333 2794 5392 ita
2840 5332 3244 5411 intelligimus
3270 5349 3337 5391 se

1769 5423 2003 5485 habere
2032 5420 2201 5485 illam
2248 5424 2731 5485 conditionalem
2789 5423 3137 5484 secundum
3166 5424 3339 5483 illam

1768 5516 2273 5579 antecessionem
2300 5517 2383 5579 ad
2403 5515 2698 5579 effectum
2717 5514 3001 5577 absolute
3028 5514 3334 5585 futurum,

3833 5936 3839 5988 ——2
3824 5848 3839 5929 ..--'..
3836 5811 3839 5840 —
3833 5662 3839 5797 -—-—.-
3824 2769 3839 5649 ss———hstd—A——EQ
