3850 6225
490 364 611 427 359.

488 472 715 533 eodem
738 475 1007 551 negatur
1052 490 1191 533 esse
1221 473 1541 552 praescita3
1584 480 1647 535 et
1676 472 1960 533 similiter
1993 472 2058 532 in

1002 368 1211 423 OPUSC.
1250 370 1313 431 11.
1349 370 1463 423 Lm.
1502 370 1563 423 n.
1600 372 1679 423 DE
1712 370 1998 423 scu-:mm
2029 368 2493 425 northmanma
2523 370 2748 425 Fu’rmt.
2783 371 3192 427 commotam.
3249 418 3261 429 .

2141 473 2190 532 si
2247 472 2492 534 diversa
2539 472 2618 533 de
2675 472 2796 533 illis
2849 474 3215 546 sensissent,
3249 472 3686 553 significassent

488 564 713 627 eodem
762 570 1032 645 negatur
1076 566 1361 627 accidere
1412 586 1597 647 posse
1648 573 1717 627 ut
1774 586 1901 628 non
1948 566 2060 627 fiat
2139 565 2500 645 aliquande,
2529 566 2874 646 prasertim
2919 567 3066 645 quia
3095 586 3264 647 saepe
3317 566 3596 628 incidunt
3629 570 3686 629 in

487 658 659 737 quod
687 658 1007 737 praescitur
1056 678 1193 720 esse
1236 660 1553 733 futurum,
1606 662 1705 722 vel
1748 660 1919 740 quod
1971 661 2056 721 ita

484 754 833 833 praescitur,
866 759 932 812 ul
962 751 1041 813 sit
1066 754 1227 814 ratio
1266 772 1472 834 poenoe
1494 754 1595 816 vel
1626 754 1886 834 praemii.
1916 756 2052 815 Non

488 862 651 925 nego
698 851 913 907 tamen
968 848 1121 925 quin
1182 847 1521 927 aliquando
1578 845 1830 921 Sancti,
1888 848 2054 907 hanc

488 924 811 1001 scientiam
868 939 1353 1003 conditionalem
1376 986 1391 1013 ,
1436 942 1891 1021 praescientiam
1951 958 2053 1001 vo-

488 1038 652 1105 cent,
683 1032 893 1092 minus
922 1032 1133 1094 stricta
1164 1034 1603 1113 appellatione,
1639 1025 1952 1113 quatenus
1981 1034 2054 1093 il-

486 1123 617 1196 lud,
656 1142 811 1204 proe,
846 1124 1049 1185 solum
1084 1125 1231 1186 dicit
1270 1126 1822 1205 independentiam
1854 1127 2053 1187 scien·

484 1216 585 1278 tioe
608 1218 689 1277 ab
720 1218 1045 1279 existentia
1076 1219 1328 1297 objecti,
1365 1226 1427 1281 et
1454 1226 1913 1297 consequenter
1941 1238 2055 1281 an-

484 1312 899 1371 tecessionem
926 1312 1007 1372 ad
1044 1330 1298 1373 omnem
1335 1314 1427 1374 rei
1479 1313 1893 1385 existentiam,
1922 1316 2050 1375 sive

484 1403 563 1464 dc
592 1404 755 1465 facto
776 1404 1115 1483 aliquando
1146 1405 1355 1467 futura
1376 1406 1475 1479 sit,
1500 1408 1628 1467 sive
1655 1426 1783 1468 non
1808 1408 1905 1468 sit.
1933 1408 2053 1467 Ta-

484 1514 635 1557 men
676 1516 755 1557 ex
802 1497 1065 1559 diversis
1090 1500 1569 1562 circumstantiis
1593 1500 1899 1575 locorum,
1935 1502 2052 1562 erit

482 1587 663 1651 facile
692 1590 1042 1671 intelligere
1069 1610 1195 1671 quo
1230 1611 1423 1654 sensu
1452 1594 1661 1655 Sancti
1684 1594 2044 1673 loquantur.

1066 1830 1317 1895 CAPUT
1356 1832 1455 1895 111.

480 2040 563 2089 EX
602 2042 1109 2091 senous'rmoaun
1151 2045 1580 2093 Tuzotoaonun
1618 2044 1911 2092 noc'rluNA
1937 2046 2044 2091 RA-

736 2137 859 2183 mm
887 2138 1147 2185 vulnus
1186 2140 1629 2185 contracturus.

565 2339 623 2396 1.
668 2336 781 2397 Em
829 2334 1348 2398 Scholasticmm
1394 2336 1505 2398 hac
1535 2354 1717 2417 super
1754 2354 1823 2399 re
1868 2334 2046 2399 saen-

480 2430 567 2493 tio
604 2427 847 2491 ducitur
886 2430 1815 2509 aryumentum.—Antiquiores
1854 2430 2044 2491 Scho-

478 2522 683 2583 lastici
722 2520 873 2580 nihil
914 2520 1043 2581 fere
1086 2520 1166 2581 de
1202 2522 1323 2583 hac
1366 2521 1577 2582 divina
1606 2523 1866 2584 scientia
1897 2541 2049 2583 con—

480 2614 927 2675 ditionatorum
966 2614 1461 2693 contingentium
1508 2615 1695 2676 locuti
1750 2622 1896 2676 sunt
1932 2634 1948 2688 ;
1985 2621 2048 2676 et

478 2706 623 2768 ideo
666 2707 845 2767 multi
874 2713 1117 2786 putant,
1147 2726 1281 2767 rem
1324 2709 1485 2769 lianc
1528 2726 1665 2769 esse
1696 2728 1948 2782 novam,
1987 2713 2049 2770 et

481 2801 563 2861 ab
592 2819 811 2861 eorum
851 2800 1135 2863 doctrina
1164 2801 1461 2863 alienam.
1496 2802 1672 2875 Quod
1716 2821 1915 2883 genus
1946 2822 2048 2863 ar-

478 2894 891 2973 gumentandi
934 2895 1099 2967 licet,
1134 2896 1303 2974 quod
1346 2897 1549 2957 solum
1592 2897 1671 2957 sit
1708 2897 1791 2956 ab
1832 2900 2048 2957 aucto-

477 2988 663 3048 ritate
696 2988 985 3065 negativa
1018 2988 1109 3066 (ut
1136 2990 1357 3067 aiunt),
1391 2990 1703 3051 infirmum
1734 2990 2041 3062 videatur,

476 3098 606 3142 non
638 3088 731 3141 est
762 3086 973 3142 tamen
1004 3082 1259 3144 omnino
1306 3082 1863 3156 contemnendum,
1896 3083 2044 3162 quia

478 3193 605 3235 non
646 3180 740 3235 ost
770 3175 1107 3237 verisimile
1136 3177 1487 3257 Theologos
1532 3196 1753 3238 omnes
1798 3183 2046 3256 praeter·

476 3268 721 3328 misisse
750 3285 883 3327 rem
912 3267 1073 3329 adeo
1102 3269 1261 3329 scitu
1296 3271 1553 3350 dignam
1591 3277 1651 3332 ct
1674 3288 1956 3350 gravem,
1991 3269 2042 3330 si

476 3379 691 3422 veram
732 3380 869 3422 esse
905 3361 1333 3424 credidissent.
1370 3367 1443 3425 Et
1488 3371 1757 3444 augetur
1782 3363 2044 3424 difficul-

474 3460 595 3528 taS,
632 3473 779 3514 nam
815 3455 1113 3534 Theologi
1142 3473 1363 3518 omnes
1406 3458 1680 3518 divinam
1713 3458 2042 3518 scientiam

476 3549 597 3610 sub
622 3549 883 3610 scientia
914 3549 1207 3629 simplicis
1238 3551 1658 3631 intelligentiae
1694 3557 1756 3612 et
1788 3550 2043 3612 visionis

476 3643 1056 3722 comprehendunt3
1108 3643 1221 3704 scd
1264 3645 1393 3705 haec
1444 3663 1573 3704 non
1612 3650 1819 3724 potest
1856 3643 2072 3722 perli-·

474 3753 629 3796 nere
656 3734 737 3795 ad
758 3734 1082 3796 scientiam
1104 3737 1399 3816 simplicis
1426 3735 1872 3816 intelligentiis,
1892 3737 2039 3815 quia

475 3846 603 3888 non
654 3834 747 3888 est
788 3827 1153 3907 simpliciter
1192 3830 1572 3903 necessaria,
1604 3849 1745 3890 cum
1792 3849 1918 3890 non
1961 3829 2038 3889 sit

476 3919 557 3981 de
624 3920 869 4000 objecto
940 3928 1001 3982 et
1062 3923 1319 3985 veritate
1376 3925 1755 3984 necessaria.
1818 3924 2036 4002 Neque

476 4013 663 4074 etiam
694 4019 789 4075 est
818 4015 1075 4077 scientia
1098 4017 1376 4090 visionis,
1409 4017 1554 4095 quia
1584 4035 1711 4077 non
1742 4021 1838 4077 est
1860 4015 1940 4076 de
1967 4035 2036 4078 re

474 4107 811 4185 aliquando
856 4107 1101 4181 futura;
1150 4127 1267 4171 nec
1308 4110 1713 4189 consequitur
1744 4109 2040 4170 determi—

474 4201 797 4262 nationem
838 4201 1099 4262 liberam
1138 4201 1361 4263 divinae
1396 4202 1753 4275 voluntatis,
1784 4201 1898 4262 sed
1926 4221 2040 4262 an-

472 4292 735 4366 tecedit3
792 4311 943 4374 ergo
990 4293 1240 4372 signum
1288 4302 1379 4358 est
1430 4295 1781 4376 Theologos
1826 4295 2040 4374 hujus-

472 4385 643 4446 modi
670 4385 999 4448 scientiam
1028 4405 1157 4450 non
1196 4389 1553 4469 agnovisse,
1580 4405 1791 4466 neque
1820 4389 1884 4448 in
1914 4391 2038 4450 Deo

476 4497 617 4540 esse
656 4479 1019 4542 credidisse.

1098 4667 1433 4732 Conclusio.

554 4853 614 4913 2.
662 4853 1072 4913 Nihilominus
1107 4852 1391 4914 existimo
1426 4853 1841 4914 Scholasticos
1878 4854 2042 4914 Doc-

474 4950 668 5019 toreS,
700 4951 1086 5024 ca‘terosque
1119 4945 1437 5024 graviores
1466 4945 1817 5026 Theologos
1863 4965 1899 5007 a
1926 4965 2037 5006 no-

462 5037 569 5098 ·bis
590 5038 795 5116 potius
824 5044 1011 5099 stare.
1044 5037 1121 5098 Et
1142 5038 1221 5099 de
1248 5038 1704 5116 antiquioribus
1732 5057 1883 5100 sane
1910 5039 2039 5118 opi-

472 5149 591 5192 nor
617 5149 729 5210 pro
760 5137 1077 5211 comperto
1112 5132 1409 5194 habuisse
1436 5134 1635 5193 Deum
1668 5134 1800 5194 hoec
1826 5134 2035 5194 futura

472 5224 589 5285 suh
624 5223 977 5284 conditione
1019 5225 1365 5285 certissime
1408 5224 1589 5296 scire,
1622 5243 1859 5303 eosque
1890 5225 2032 5286 ideo

470 5317 551 5378 de
591 5317 709 5376 hac
748 5317 1005 5378 scientia
1034 5317 1153 5378 sub
1189 5319 1285 5379 his
1316 5317 1599 5378 terminis
1630 5323 1693 5378 et
1732 5317 1793 5376 in
1846 5319 2038 5396 parti-

470 5411 667 5472 culari
716 5411 1125 5490 quaestionem
1178 5429 1305 5472 non
1346 5411 1637 5484 movisse,
1674 5411 1822 5489 quia
1866 5411 2036 5474 idem

472 5502 551 5564 de
580 5503 685 5564 illa
719 5510 1051 5566 senserunt
1080 5504 1249 5584 quod
1288 5504 1366 5566 de
1398 5504 1533 5572 aliis
1562 5504 1783 5566 futuris
1813 5523 1829 5578 ς
1860 5525 2031 5576 nam,

2138 660 2518 738 quaestiones
2567 676 2708 737 qnoe
2753 667 3114 738 supponunt
3143 662 3310 721 hanc
3351 661 3686 736 scientiam,

2135 758 2207 813 ut
2237 758 2330 813 est
2359 752 2462 813 illa
2491 753 2570 815 de
2609 752 3020 833 permissione
3041 754 3306 832 peccati,
3333 753 3508 832 quod
3539 755 3688 815 Deus

2136 845 2312 905 seivit
2337 844 2642 917 futurum,
2676 852 2738 906 et
2765 844 3025 917 simileS,
3063 864 3224 924 quas
3269 846 3566 907 facillime
3597 864 3692 906 ex-

2133 938 2442 1016 pedirent,
2479 938 2773 1019 negando
2793 940 2910 998 has
2945 938 3402 1001 conditionales
3431 956 3568 1001 esse
3591 942 3692 1001 sci-

2133 1030 2314 1103 biles,
2343 1031 2514 1109 quod
2545 1038 2760 1093 tamen
2787 1050 2918 1093 non
2939 1031 3198 1094 faciunt.

2215 1125 2274 1183 3.
2325 1122 2698 1205 Coynitionis
2717 1126 3260 1188 conditionatos-ema
3281 1126 3498 1188 modus
3521 1126 3694 1205 expli-

2133 1222 2314 1280 catm·
2331 1217 2526 1296 juxta
2559 1218 2830 1281 diversas
2876 1215 3199 1297 opiniones.
3257 1250 3344 1265 -—
3399 1219 3692 1279 Praeterea

2133 1310 2490 1386 DuranduS,
2519 1315 2580 1371 et
2599 1310 2703 1371 alii
2735 1310 2842 1389 qm·
2865 1309 3080 1371 dicunt
3106 1310 3318 1371 futura
3341 1312 3696 1390 contingen-

2134 1405 2220 1464 tia
2245 1404 2530 1466 absoluta
2559 1405 2852 1485 cognosci
2877 1405 2940 1465 in
2967 1406 3538 1485 comprehensione
3561 1426 3694 1467 cau-

2135 1516 2348 1559 sarum
2373 1514 2526 1559 cum.
2545 1497 2838 1559 omnibus
2870 1497 3376 1571 circumstantiis,
3415 1516 3696 1561 necessa-

2131 1590 2224 1651 rio
2249 1590 2438 1651 debet
2465 1608 2702 1669 ponere
2727 1591 2916 1652 talem
2941 1591 3368 1671 cognitionem
3395 1593 3462 1651 in
3489 1610 3690 1663 causa,

2131 1682 2262 1743 sive
2295 1684 2562 1744 extitura
2591 1682 2691 1756 sit,
2725 1684 2856 1743 sive
2883 1702 3012 1743 non
3043 1684 3154 1756 sit;
3179 1689 3242 1744 et
3271 1686 3412 1745 haec
3441 1691 3536 1745 est
3557 1704 3694 1765 cog-

2129 1776 2280 1836 nitio
2311 1774 2847 1836 conditionalium.
2883 1776 3178 1839 Similiter
3201 1778 3474 1851 AlensiS,
3507 1778 3694 1839 Bona-

2127 1873 2413 1941 ventura,
2437 1873 2500 1929 et
2515 1856 2768 1947 alii,qui
2791 1869 2943 1929 nibil
2967 1869 3138 1930 aliud
3160 1871 3496 1948 requirunt
3513 1888 3694 1949 quam

2125 1961 2308 2022 ideas
2329 1961 2572 2023 divinas
2603 1960 2684 2022 ad
2711 1962 3131 2039 cognitionem
3157 1964 3540 2037 futurorum,
3571 1982 3692 2025 non

2127 2060 2392 2133 possunt
2417 2053 2500 2115 ab
2529 2054 2648 2115 bac
2671 2054 2982 2115 sententia
3011 2055 3366 2130 dissentire,
3395 2058 3569 2136 quia,
3597 2076 3694 2117 ea-

2127 2148 2272 2209 dem
2323 2150 2586 2221 ratione,
2631 2148 2873 2210 infinita
2905 2152 3376 2229 repraesentatio
3415 2151 3690 2213 idearum

2127 2242 2440 2303 sufficeret
2457 2242 2540 2303 ad
2563 2244 2694 2304 brec
2713 2244 3134 2305 conditionata
3157 2246 3690 2324 repraesentandm

2129 2341 2190 2396 et
2219 2336 2302 2397 ita
2331 2336 2498 2397 favet
2521 2338 2960 2397 Bonaventura
2985 2337 3050 2397 in
3087 2340 3143 2409 1,
3177 2336 3324 2398 dist.
3349 2340 3454 2411 ⁴0,
3487 2345 3602 2399 art.
3631 2342 3692 2410 2,

2127 2448 2191 2508 q.
2227 2432 2286 2491 1.
2331 2430 2640 2491 Praeterea
2683 2429 3076 2503 Nominales,
3126 2432 3234 2509 qui
3277 2432 3594 2493 affirmant
3621 2452 3696 2493 ex

2129 2522 2420 2583 omnibus
2437 2522 2968 2603 propositionibus
2995 2522 3074 2583 de
3097 2522 3309 2584 futuro
3335 2532 3691 2585 unam’esse

2128 2616 2541 2677 determinate
2573 2634 2808 2689 veram,
2848 2622 2910 2676 et
2939 2614 3020 2676 ad
3047 2614 3376 2677 scientiam
3421 2616 3692 2677 divinam

2129 2708 2208 2769 de
2255 2708 2614 2788 hujusmodi
2661 2708 2921 2769 veritate
2969 2708 3124 2769 nihil
3175 2707 3449 2786 amplius
3493 2709 3695 2788 requi-

2125 2808 2305 2873 runt,
2351 2820 2542 2881 quam
2583 2800 2892 2863 infinitam
2919 2802 3260 2861 efficaciam
3293 2802 3492 2862 divini
3519 2802 3698 2862 intel·

2126 2894 2346 2967 lectae,
2389 2902 2452 2955 et
2482 2894 2736 2955 luminis
2765 2940 2782 2967 ,
2833 2912 3092 2955 necesse
3133 2900 3228 2955 est
3257 2899 3339 2957 ut.
3355 2892 3524 2953 idem
3553 2912 3698 2953 sen·

2125 2987 2283 3049 tiant
2311 2987 2390 3049 de
2417 2988 2515 3049 his
2541 2986 2768 3049 futuris
2799 2987 3236 3048 conditionatis
3272 2986 3448 3065 quod
3479 2986 3562 3047 de
3593 2986 3696 3046 ab-

2125 3081 2388 3154 solutis3
2443 3087 2504 3142 et
2529 3081 2650 3142 hoc
2691 3080 2882 3142 modo
2927 3080 3100 3142 citari
3131 3082 3396 3160 possunt
3427 3096 3544 3160 pro
3581 3080 3694 3140 hac

2123 3173 2434 3236 sententia
2457 3174 2818 3254 Gregorius,
2851 3174 2914 3234 in
2939 3177 2996 3246 1,
3029 3173 3090 3234 d.
3123 3175 3226 3246 38,
3271 3192 3335 3252 q.
3375 3177 3432 3245 1,
3469 3179 3591 3232 art.
3621 3175 3694 3242 Ως

2122 3268 2370 3330 Gabriel
2403 3269 2509 3340 ibi,
2551 3273 2774 3345 quaest.
2809 3267 3013 3338 unic.;
3042 3266 3268 3338 Adam,
3295 3267 3363 3326 in
3392 3267 3456 3338 3,
3489 3265 3554 3326 d.
3601 3269 3696 3336 14,

2125 3365 2348 3440 quaest.
2393 3363 2456 3434 2,
2497 3360 2646 3421 dub.
2683 3365 2754 3434 1;
2794 3361 3054 3434 Marsil.,
3107 3361 3168 3422 in
3219 3365 3278 3432 1,
3323 3367 3552 3438 quaest.
3595 3361 3700 3430 ⁴0,

2126 3459 2244 3516 art.
2267 3457 2330 3532 2,
2357 3454 2438 3516 ad
2463 3455 2690 3535 object.
2719 3460 2916 3516 contr.
2943 3458 2978 3516 6
3003 3454 3206 3514 concl.
3241 3455 3479 3514 Rursus
3509 3453 3702 3513 etiam
3831 3429 3833 3525 l

2123 3548 2208 3609 illi
2241 3549 2347 3628 qui
2391 3548 2604 3610 dicunt
2643 3567 2788 3610 cum
2837 3550 3020 3610 Scoto
3057 3548 3268 3608 futura
3301 3549 3598 3626 cognosci
3637 3549 3698 3606 in

2122 3643 2774 3723 praedeterminatione
2821 3643 3046 3704 diviuoe
3095 3642 3434 3703 voluntatis
3457 3687 3474 3714 ,
3525 3641 3696 3702 idem

2121 3738 2364 3798 salvare
2403 3737 2794 3798 contendunt
2819 3735 2898 3796 de
2925 3735 3023 3796 his
3051 3735 3312 3810 futuriS,
3361 3741 3430 3795 ut
3460 3735 3520 3794 in
3553 3753 3694 3813 pro·

2121 3849 2342 3909 gressu
2389 3830 2578 3909 hujus
2618 3829 2758 3890 libri
2805 3829 3204 3902 videbimus;
3253 3833 3318 3890 et
3343 3829 3428 3888 ita
3459 3846 3534 3888 ex
3575 3829 3692 3888 boc

2119 3925 2320 4003 capite
2359 3941 2488 3984 non
2540 3929 2743 4002 potest
2789 3923 3098 3983 contraria
3143 3921 3454 3982 sententia
3503 3921 3691 3982 Scoto

2119 4016 2397 4089 attribui,
2429 4015 2540 4076 sed
2569 4017 2876 4077 incertum
2901 4019 3018 4088 est,
3059 4021 3128 4075 ut
3157 4013 3509 4088 minimum,
3535 4013 3690 4092 quid

2119 4109 2198 4171 de
2229 4110 2326 4170 his
2353 4108 2608 4170 diceret.
2637 4110 2922 4187 Denique
2951 4107 3270 4188 quomodo
3295 4107 3692 4186 praescientia

2117 4202 2478 4263 futurorum
2533 4219 2646 4281 per
2697 4201 3096 4282 praesentiam
3147 4201 3508 4262 aeternitatis
3563 4219 3690 4260 non

2121 4299 2435 4376 repugnet
2461 4295 2606 4356 huic
2637 4295 2962 4356 sententiae
2985 4340 3000 4367 ,
3039 4293 3153 4355 sed
3176 4311 3322 4354 cum
3355 4293 3458 4354 illa
3485 4293 3696 4352 cohae-

2119 4397 2275 4463 reat,
2301 4389 2710 4451 ostendemus
2737 4407 2874 4468 cap.
2909 4389 3198 4468 septimo.
3227 4388 3414 4450 Unde
3437 4393 3696 4467 propter

2121 4501 2264 4544 eam
2293 4483 2482 4544 etiam
2511 4499 2768 4544 causam
2803 4501 2932 4542 non
2969 4486 3176 4560 potest
3211 4481 3520 4542 sententia
3553 4481 3692 4540 baec

2121 4575 2460 4636 existimari
2489 4576 2562 4636 D.
2591 4575 2848 4636 Thomae
2877 4573 3212 4646 contraria,
3242 4574 3514 4634 maxime
3541 4591 3689 4632 cum

2120 4670 2258 4731 loco
2303 4689 2492 4750 supra
2531 4671 2716 4732 citato
2757 4670 2928 4730 illam
2973 4670 3105 4748 ipse
3145 4668 3456 4730 admittat.
3501 4667 3690 4728 Citari

2121 4765 2314 4825 etiam
2337 4769 2598 4844 possunt
2625 4781 2740 4844 pro
2757 4764 2877 4823 hac
2905 4761 3216 4822 sententia
3245 4760 3538 4821 Albertus
3555 4761 3693 4820 Ma-

2121 4877 2284 4939 gnus
2315 4859 2376 4918 in
2407 4860 2610 4932 Sum„
2643 4863 2825 4919 tract.
2859 4858 2960 4928 16,
2989 4862 3211 4935 quaest.
3243 4857 3346 4930 61,
3379 4855 3616 4916 memb.
3651 4857 3688 4916 5

2119 4958 2182 5012 et
2221 4953 2284 5024 6,
2327 4957 2388 5012 et
2422 4957 2646 5030 quaest.
2687 4952 2790 5026 63,
2839 4954 2954 5011 art.
2981 4953 3058 5022 2;
3103 4949 3341 5027 AEgid.,
3390 4950 3456 5008 in
3483 4948 3542 5008 d.
3581 4950 3684 5019 40,

2117 5049 2334 5123 qnaest.
2361 5047 2422 5114 2,
2461 5049 2580 5104 art.
2615 5045 2677 5116 2,
2707 5043 2863 5104 alias
2897 5048 3112 5121 quaest.
3143 5043 3221 5112 ὃς
3263 5049 3324 5102 et
3351 5043 3574 5102 Thom.
3609 5041 3688 5100 de

2116 5140 2400 5214 Argent„
2434 5137 2542 5210 ibi,
2573 5143 2690 5198 art.
2728 5139 2789 5209 3,
2825 5136 2904 5196 ad
2931 5137 2994 5207 6,
3027 5140 3191 5196 cont.
3221 5139 3244 5195 1
3275 5133 3481 5194 concl.
3517 5135 3590 5194 Et
3614 5153 3688 5194 ex

2115 5230 2566 5291 recentioribus
2597 5233 2814 5290 tenent
2837 5229 2998 5288 hanc
3027 5227 3404 5288 sententiam
3433 5226 3686 5295 Driedo,

2115 5323 2196 5386 de
2225 5323 2558 5392 concord..
2589 5325 2612 5383 1
2649 5327 2838 5402 part„
2861 5339 2916 5381 c.
2935 5323 2995 5395 4,
3017 5319 3098 5380 ad
3123 5321 3160 5380 3
3189 5337 3354 5398 arg.;
3375 5320 3682 5390 RuarduS,

2117 5423 2234 5478 art.
2267 5421 2338 5488 7;
2375 5415 2610 5490 Wald„
2641 5415 2686 5474 1.
2719 5419 2746 5476 1
2783 5415 3087 5488 Doctrin.,
3123 5431 3178 5472 c.
3203 5414 3323 5484 23;
3359 5413 3680 5472 Bellarmi·

2117 5527 2261 5584 nuS,
2297 5515 2358 5570 et
2377 5509 2480 5570 alii
2501 5507 2784 5570 Moderni
2813 5507 2920 5588 qui
2947 5507 3026 5567 de
3049 5504 3250 5584 gratia
3275 5511 3338 5566 et
3367 5505 3564 5566 libero
3587 5523 3680 5566 ar-
