3850 6225
519 415 638 477 100

600 524 956 588 Occurritur
993 525 1280 588 solutioni
1337 528 1632 590 commum·
1672 527 1858 607 hujus
1891 527 2083 590 ratio-

514 617 840 682 nis—Sed
863 616 967 678 hic
991 619 1180 680 etiam
1207 627 1532 682 occurrent
1557 619 1664 682 illa
1681 619 2079 682 distinctione

514 712 594 775 de
633 717 886 792 peccato
923 729 1035 791 pro
1075 712 1382 774 materiali
1429 719 1492 774 ει
1545 731 1656 793 pro
1703 712 1988 788 formali3
2020 719 2082 774 et

517 805 852 866 concedent
893 804 1212 866 materiale
1233 807 1470 885 peccati
1497 807 1916 868 reducendum
1944 823 2081 866 esse

516 898 585 958 in
622 899 840 971 Deum,
871 904 942 957 ut
976 897 1043 956 in
1092 898 1360 977 primam
1409 899 1716 974 radicem3
1757 899 2083 976 negabunt

515 997 729 1052 tamen
759 989 902 1050 inde
931 990 1126 1068 sequi,
1175 992 1362 1052 etiam
1417 998 1738 1070 peccatum
1787 989 2081 1070 simplici·

517 1092 615 1146 ter
647 1083 908 1154 dictum,
935 1101 1044 1143 seu
1071 1100 1184 1162 pro
1212 1083 1484 1159 formali,
1511 1085 1580 1145 in
1601 1085 1795 1146 Deum
1820 1102 1950 1145 esse
1977 1103 2081 1146 re-

517 1175 890 1238 vocandum.
929 1175 1048 1238 Sed
1073 1193 1392 1237 sumamus
1430 1177 1742 1257 imprimis
1765 1178 1931 1257 quod
1972 1194 2083 1238 no-

516 1271 614 1332 bis
652 1269 1030 1346 conceditur,
1081 1276 1145 1331 ει
1199 1268 1558 1332 evolvamus
1583 1289 1656 1332 ac
1699 1269 2081 1332 declaremus

517 1365 713 1439 illud3
747 1381 920 1439 nam,
969 1363 1024 1423 si
1059 1369 1224 1425 recte
1273 1363 1676 1444 concipiatur,
1733 1369 1796 1425 ει
1842 1371 2083 1427 attenta

519 1463 728 1520 mente
757 1457 1156 1536 ponderetur,
1187 1455 1308 1517 hoc
1331 1455 1530 1518 solum
1557 1455 1784 1518 sufficit
1809 1457 1888 1518 ad
1919 1457 2083 1518 hanc

517 1551 886 1612 sententiam
919 1549 1416 1628 improbandam.
1451 1550 1804 1628 Loquamur
1825 1567 1975 1628 ergo
2002 1550 2081 1610 de

517 1644 770 1725 proprio
805 1647 1079 1722 peccate,
1111 1641 1276 1721 quod
1309 1648 1400 1703 est
1442 1643 1512 1702 in
1534 1643 1852 1705 voluntate
1868 1659 1889 1719 ;
1914 1641 2080 1704 idem

515 1738 688 1798 enim
715 1741 915 1818 potest
939 1753 1082 1796 cum
1103 1737 1502 1815 proportione
1532 1737 1827 1816 applicari
1863 1736 1943 1797 ad
1982 1753 2079 1796 ac-

391 1901 398 1906 ,
516 1837 650 1892 tum
684 1829 1076 1904 exteriorem,
1125 1829 1412 1907 quamvis
1457 1834 1588 1890 tota
1633 1831 1791 1890 ratio
1845 1829 2078 1909 peccati

519 1925 595 1985 ad
647 1924 1002 1986 interiorem
1050 1928 1388 1983 revocetur.
1422 1923 1490 1982 In
1521 1930 1666 1985 actu
1718 1941 1867 2002 ergo
1918 1923 2079 1984 iute-

516 2018 670 2079 riori
717 2016 878 2077 nihil
931 2014 1106 2076 aliud
1156 2021 1248 2077 est
1295 2017 1614 2077 materiale
1651 2017 1907 2096 peccati,
1957 2015 2078 2075 nisi

517 2110 776 2172 interior
801 2107 1138 2169 voluntatis
1167 2115 1338 2168 actus
1365 2109 1684 2188 positivus,
1708 2127 1834 2190 quo
1862 2108 2079 2169 volun-

517 2213 614 2264 tas
641 2202 890 2264 realiter
945 2207 1008 2262 et
1060 2201 1323 2281 positive
1355 2203 1738 2263 convertitur
1763 2203 1832 2262 in
1875 2201 2077 2280 objec-

515 2303 653 2356 tum
683 2300 957 2357 creatum
986 2293 1098 2355 tali
1141 2294 1327 2355 modo
1357 2293 1474 2354 sibi
1497 2295 1914 2375 propositum3
1947 2294 2078 2356 haec

517 2392 685 2451 enim
712 2389 925 2450 omnia
957 2386 1149 2449 realia
1175 2396 1342 2463 sunt,
1377 2389 1637 2468 physica
1663 2407 1736 2449 ac
1769 2389 2072 2468 positiva3

517 2502 666 2562 ergo
693 2485 888 2544 Deum
917 2499 1045 2543 esse
1100 2481 1366 2560 primam
1417 2481 1688 2543 radicem
1739 2481 2077 2542 materialis

517 2577 749 2658 peccati
791 2577 861 2636 in
915 2580 1163 2654 peccato
1209 2575 1405 2650 Judae,
1441 2575 1542 2636 vel
1589 2576 1756 2637 Petri
1793 2577 2080 2654 negantis

515 2671 848 2746 Christum,
881 2667 1039 2728 nihil
1090 2667 1256 2728 aliud
1293 2672 1386 2728 est
1427 2686 1617 2748 quam
1667 2669 1860 2729 Deum
1891 2668 2079 2728 fuisse

515 2765 781 2844 primam
827 2763 1096 2823 radicem
1131 2761 1297 2822 illius
1343 2781 1678 2824 consensus
1703 2768 1765 2823 et
1793 2763 2077 2822 volunta-

515 2858 620 2930 tie,
657 2873 780 2934 qua
831 2855 1043 2914 Petrus
1089 2853 1286 2914 voluit
1329 2873 1560 2932 negare
1605 2855 1957 2930 Christum3
1990 2857 2077 2916 ita

515 2955 592 3009 ut
614 2966 830 3010 verum
859 2946 939 3006 sit
959 2946 1202 3006 dicere:
1229 2947 1386 3020 Quia
1411 2949 1570 3008 Deus
1596 2948 1686 3008 ita
1713 2948 1987 3010 decrevit
2014 2953 2079 3008 et

516 3041 840 3102 efficaciter
892 3038 1036 3099 iecit
1078 3044 1148 3098 ut
1200 3039 1400 3117 fieret,
1448 3040 1588 3101 ideo
1637 3039 1849 3100 Petrus
1875 3039 2077 3101 voluit

515 3134 826 3196 Christum
873 3150 1123 3209 negare,
1175 3139 1238 3194 ει
1285 3134 1473 3195 Judas
1526 3134 1708 3195 illum
1754 3135 2072 3211 vendere3

515 3228 584 3288 in
619 3227 717 3287 his
744 3225 911 3286 enim
968 3224 1170 3286 verbis
1220 3226 1421 3287 solum
1449 3227 1512 3288 id
1562 3226 1727 3305 quod
1757 3228 2077 3289 materiale

517 3326 611 3383 est
655 3317 1234 3398 comprehenditur,
1282 3336 1482 3398 neque
1528 3320 1805 3381 formalis
1841 3320 2079 3382 malitia

518 3412 878 3493 explicatur.
913 3408 1349 3487 Confirmatur,
1377 3412 1524 3491 quia
1549 3414 1705 3473 Deus
1744 3412 1971 3473 dicitur
1998 3413 2078 3474 ab

515 3508 614 3569 his
661 3504 1015 3567 auctoribus
1043 3504 1244 3583 prima
1283 3504 1461 3565 radix
1509 3506 1923 3567 conversionis
1972 3524 2079 3567 vo·

517 3599 772 3659 luntatis
799 3598 864 3656 in
887 3595 1122 3656 bonum
1151 3596 1502 3672 honestum,
1532 3598 1680 3677 quia
1706 3598 2078 3659 determinat

517 3692 726 3767 illam3
755 3708 901 3768 ergo
927 3690 1004 3750 oh
1029 3689 1296 3750 similem
1325 3688 1904 3751 determinationem
1932 3709 2078 3752 con-

519 3784 732 3845 cedere
764 3789 1056 3845 tenentur
1095 3783 1286 3843 Deum
1331 3801 1458 3843 esse
1507 3783 1775 3862 primam
1801 3784 2076 3845 radicem

517 3875 933 3937 conversionis
956 3880 1181 3935 nostrae
1209 3874 1540 3936 voluntatis
1560 3878 1628 3935 in
1657 3875 1888 3937 bonum
1912 3894 2077 3939 com-

520 3968 856 4045 mutabile3
893 3986 1038 4028 nam
1072 3968 1192 4029 hoc
1221 3974 1420 4029 totum
1467 3968 1668 4029 solum
1691 3969 1844 4030 dicit
1871 3971 2079 4049 positi·

519 4080 668 4123 vum
695 4068 937 4122 motum
975 4070 1037 4122 ει
1073 4061 1303 4121 realem
1329 4060 1396 4121 in
1417 4061 1584 4123 reale
1606 4060 1939 4141 objectum.
1958 4063 2078 4125 Sed

517 4156 637 4217 hoc
689 4156 919 4234 ipsum,
979 4154 1223 4215 etiamsi
1271 4154 1432 4214 nihil
1459 4155 1632 4216 aliud
1666 4155 1951 4231 addatur,
1988 4164 2079 4219 est

520 4253 734 4309 contra
762 4246 1043 4307 divinam
1073 4246 1412 4309 bonitatem
1418 4290 1440 4323 ,
1487 4254 1550 4309 et
1585 4254 1799 4310 contra
1825 4267 2077 4311 omnem

519 4340 796 4401 divinam
838 4339 1314 4419 prohibitionem
1364 4345 1425 4402 et
1460 4340 1663 4420 legem
1679 4360 1700 4421 3
1745 4344 1875 4423 ipse
1907 4344 2077 4405 enim

519 4452 646 4495 non
671 4432 870 4493 solum
900 4431 1186 4512 prohibet
1205 4432 1646 4497 formalitatem
1675 4436 1937 4516 peccati,
1973 4438 2079 4499 sed

519 4528 804 4609 prohibet
850 4528 1058 4606 ipsum
1116 4534 1323 4589 actum
1377 4536 1440 4591 et
1493 4532 1957 4594 conversionem
1999 4534 2077 4595 ad

517 4621 756 4682 bonum
793 4620 1256 4695 commutabile,
1300 4627 1363 4682 ει
1397 4634 1534 4683 ea'm
1565 4626 1769 4704 punit.
1801 4626 1900 4700 Et,
1932 4624 2077 4687 licet

517 4730 739 4775 verum
793 4713 876 4772 sit
927 4729 1066 4773 eam
1117 4711 1443 4791 prohibere
1483 4724 1544 4777 ει
1582 4718 1808 4796 punire
1835 4718 2075 4780 ratione

517 4804 819 4880 formalis,
851 4812 1060 4865 tamen
1103 4804 1277 4865 illam
1313 4824 1530 4868 revera
1571 4809 1702 4889 ipse
1742 4810 2029 4889 prohibet
2051 4856 2071 4887 ,

519 4898 671 4977 quia
703 4914 919 4958 revera
963 4901 1056 4957 est
1110 4896 1298 4973 mala,
1345 4898 1492 4960 licet
1538 4898 2001 4965 denominative
2038 4920 2077 4964 a

519 4990 932 5065 deformitate,
962 5006 1153 5068 quam
1189 5008 1397 5051 secum
1423 4992 1640 5069 affert3
1677 5012 1828 5073 ergo
1855 4994 2074 5057 eadem

515 5083 760 5145 ratione
797 5098 924 5142 non
981 5086 1184 5161 potest
1209 5084 1368 5144 Deus
1409 5102 1540 5148 esse
1579 5088 1862 5165 proxima
1896 5088 2075 5150 radix

514 5174 686 5236 illius
713 5174 1132 5235 conversionis
1159 5176 1238 5235 ad
1263 5178 1702 5241 commutabile
1728 5180 1963 5242 bonum
1994 5180 2073 5244 ob

513 5266 841 5333 formalem
868 5265 1350 5344 deformitatem,
1390 5286 1581 5347 quam
1618 5271 1805 5335 habet
1831 5273 2071 5354 insepa-

515 5359 798 5421 rabilem.

599 5456 696 5515 19.
743 5452 920 5514 Unde
969 5453 1232 5514 ulterius
1271 5454 1680 5532 concluditur,
1715 5457 1769 5517 si
1795 5460 1954 5519 Deus
1983 5465 2075 5520 est

517 5548 719 5628 prima
769 5546 944 5607 radix
1003 5548 1166 5607 illius
1237 5549 1686 5627 conversionis,
1731 5552 2073 5614 necessario

1077 420 1286 474 OPUSC.
1322 423 1362 484 Ι,
1407 421 1523 474 mn.
1558 423 1622 476 11.
1657 421 1740 476 DE
1771 421 2092 476 CONCURSU
2122 423 2227 476 DE!
2258 425 2344 477 An
2374 423 2574 478 AcTus
2604 421 2849 476 onnmls
2880 421 3167 474 numm.

2160 527 2473 608 consequi,
2501 532 2574 587 ut
2608 526 2689 586 sit
2718 525 2918 605 prima
2955 522 3131 584 radix
3158 520 3325 583 illius
3359 520 3703 582 deformita-

2159 621 2241 683 tis
2255 637 2276 699 ;
2309 622 2457 701 quia
2472 619 2755 700 proxima
2776 625 2841 678 et
2859 616 3076 679 efficax
3110 633 3293 677 causa
3318 613 3485 674 illius
3512 613 3703 674 defor-

2160 715 2393 776 mitatis
2440 719 2534 775 est
2576 711 2926 774 voluntaria
2976 708 3249 771 hominis
3278 707 3599 768 conversio
3636 707 3704 767 ad

2160 806 2595 870 commutabile
2630 804 2865 866 bonum
2882 827 2902 878 3
2954 809 3017 864 et
3064 802 3268 883 prima
3311 800 3493 862 radix
3530 798 3707 878 hujus

2162 900 2579 962 conversionis
2632 897 2968 961 voluntatis
3016 897 3309 958 humanm
3360 899 3456 954 est
3505 892 3709 953 divina

2162 994 2446 1055 voluntas
2472 1000 2535 1054 ει
2562 993 2873 1066 efficacia3
2908 1009 3083 1068 erge,
3116 988 3193 1050 de
3215 987 3421 1068 primo
3452 986 3537 1048 ad
3574 985 3709 1047 ulti·

2161 1105 2362 1162 mum,
2417 1088 2577 1148 Deus
2610 1092 2701 1149 est
2739 1085 2941 1165 prima
2969 1082 3149 1144 radix
3182 1081 3325 1142 talis
3363 1080 3709 1141 deformita-

2160 1181 2263 1241 tis.
2290 1179 2461 1254 Quod
2485 1180 2654 1240 enim
2682 1185 2776 1240 est
2816 1194 3003 1238 causa
3026 1193 3225 1238 causoe
3258 1180 3331 1235 ιιι
3362 1175 3472 1249 sic,
3509 1173 3573 1233 id
3606 1179 3707 1247 est,

2161 1272 2327 1352 quod
2360 1279 2451 1333 est
2481 1271 2577 1332 illi
2606 1289 2789 1332 causa
2830 1276 2900 1330 ut
2926 1274 3155 1344 causet,
3204 1275 3295 1328 est
3318 1267 3509 1328 etiam
3539 1283 3711 1326 causa

2162 1365 2395 1426 causati
2427 1382 2466 1424 a
2497 1363 2605 1424 tali
2634 1378 2848 1440 causa3
2877 1361 3043 1442 quod
3068 1367 3161 1424 est
3188 1361 3460 1426 maxime
3500 1375 3711 1419 verum

2160 1458 2227 1518 iu
2276 1455 2652 1530 moralibus;
2685 1473 2833 1516 nam
2862 1472 3020 1535 saepe
3064 1471 3271 1530 causa,
3311 1470 3453 1532 quoe
3490 1457 3587 1512 est
3616 1469 3712 1529 per

2160 1550 2442 1612 accidens
2472 1551 2538 1611 in
2566 1550 2752 1612 rebus
2783 1547 3076 1630 physicis,
3112 1556 3203 1609 est
3233 1565 3346 1628 per
3386 1563 3453 1606 se
3494 1545 3563 1606 in
3594 1563 3713 1604 mo-

2159 1644 2413 1705 ralibus.
2447 1645 2646 1724 Atque
2672 1644 2761 1704 ita
2785 1647 2879 1704 est
2904 1659 3122 1704 revera
3141 1641 3207 1702 in
3230 1640 3548 1721 praesenti,
3578 1656 3713 1698 nam

2158 1737 2446 1798 voluntas
2471 1737 2747 1798 humana
2774 1753 2977 1814 neque
3000 1738 3197 1814 potest
3222 1732 3593 1794 contrahere
3618 1731 3713 1791 de-

2158 1830 2539 1892 formitatem
2566 1829 2709 1892 talis
2735 1828 2996 1910 peccati,
3028 1828 3145 1888 nisi
3184 1824 3629 1886 consentiendo
3654 1823 3715 1883 li·

2158 1923 2305 1984 bere
2333 1923 2399 1984 in
2428 1921 2553 1984 tale
2580 1920 2890 2001 objectum
2914 1919 3066 1980 utile
3088 1917 3189 1979 vel
3212 1917 3580 1979 delectabile
3607 1916 3712 1975 sihi

2158 2016 2577 2096 prohibitum,
2612 2016 2759 2077 licet
2784 2033 2911 2076 non
2950 2019 3118 2074 amet
3144 2012 3295 2072 illud
3338 2029 3465 2090 qua
3504 2009 3710 2090 prohi-

2156 2107 2385 2186 bitum,
2430 2109 2537 2170 sed
2581 2127 2705 2188 qua
2739 2104 3098 2168 delectabile
3127 2105 3225 2166 vel
3263 2103 3420 2164 utile
3452 2109 3551 2166 est
3562 2120 3583 2180 ;
3620 2121 3711 2162 ne-

2158 2219 2280 2282 que
2330 2205 2519 2264 etiam
2572 2208 2773 2282 potest
2828 2199 3283 2262 deformitatem
3336 2197 3542 2258 vitare
3562 2243 3585 2274 ,
3637 2197 3711 2256 sic

2157 2295 2425 2357 amando
2453 2295 2639 2371 illud;
2686 2293 2793 2355 sed
2822 2295 2981 2356 Deus
3020 2299 3113 2354 est
3156 2291 3371 2352 efficax
3418 2308 3607 2351 causa
3636 2289 3710 2348 fa-

2156 2391 2324 2452 ciens
2368 2396 2439 2450 ut
2475 2389 2760 2452 voluntas
2800 2387 2989 2450 talem
3018 2403 3386 2448 consensum
3418 2389 3669 2463 praestet
3698 2405 3711 2454 ;

2156 2484 2284 2544 imo
2318 2483 2483 2544 solus
2516 2483 2646 2562 ipse
2672 2501 2786 2542 sua
2820 2480 3091 2542 efficacia
3126 2479 3298 2539 illam
3340 2477 3711 2539 determinat

2157 2577 2239 2638 ad
2283 2577 2471 2638 talem
2498 2587 2905 2651 consensum3
2936 2573 3246 2654 quomodo
3278 2590 3429 2650 ergo
3472 2589 3608 2632 non
3634 2575 3715 2630 est

2160 2671 2375 2732 efficax
2408 2689 2593 2732 causa
2622 2667 2971 2748 (moraliter
3002 2667 3352 2746 loquendo)
3382 2665 3597 2726 omnis
3620 2667 3713 2724 de-

2156 2763 2491 2826 formitatis
2532 2783 2643 2844 pcr
2684 2763 2871 2824 talem
2920 2776 3291 2823 consensum
3337 2760 3715 2820 contractae?

2156 2858 2310 2918 Item
2340 2857 2605 2937 perditio
2633 2855 2905 2917 hominis
2933 2853 3279 2915 formaliter
3318 2857 3412 2913 est
3436 2870 3553 2931 per
3602 2851 3715 2910 cul-

2156 2968 2324 3030 pam,
2369 2956 2440 3010 ut
2477 2950 2658 3030 culpa
2702 2955 2839 3023 est;
2886 2955 3097 3008 tamen
3140 2945 3423 3027 proxima
3448 2945 3631 3005 radix
3662 2949 3717 3003 et

2156 3060 2340 3104 causa
2379 3044 2567 3123 hujus
2594 3041 2955 3124 perditionis
2998 3045 3089 3102 est
3126 3057 3462 3101 consensus
3504 3038 3719 3098 volun-

2156 3138 2354 3200 tarius
2380 3138 2449 3197 in
2475 3136 2661 3198 talem
2684 3142 2916 3210 actum,
2946 3134 3047 3196 vel
3070 3132 3377 3213 objectum
3397 3132 3485 3193 sic
3514 3132 3716 3211 prohi-

2156 3229 2381 3306 bitum,
2435 3229 2551 3290 sub
2602 3230 2806 3309 specie
2842 3228 3054 3308 aliqua
3100 3226 3279 3299 boni3
3332 3242 3481 3305 ergo
3520 3226 3715 3303 prima

2158 3324 2337 3384 radix
2374 3322 2559 3402 hujus
2594 3339 2921 3384 consensus
2966 3321 3227 3382 humani
3270 3324 3362 3380 est
3392 3320 3605 3398 prima
3631 3336 3717 3376 ra-

2159 3416 2265 3477 dix
2294 3416 2657 3496 perditionis
2684 3414 2978 3489 hominis,
3004 3430 3143 3493 quae
3170 3413 3348 3475 radix
3374 3417 3467 3472 est
3508 3410 3719 3471 divina

2158 3508 2442 3572 voluntas
2484 3515 2547 3571 et
2574 3508 2844 3571 efficacia
2860 3530 2878 3583 ς
2910 3507 3135 3568 falsum
3167 3524 3315 3585 ergo
3356 3512 3449 3566 est
3492 3504 3660 3565 illud
3701 3520 3715 3562 ε

2158 3602 2435 3667 Perdicio
2478 3607 2587 3664 tua
2615 3619 2686 3664 eat
2714 3607 2788 3663 te.
2839 3601 3145 3661 Praeterea
3189 3599 3435 3659 daemon
3468 3602 3720 3657 tentans

2156 3700 2251 3756 est
2276 3695 2344 3755 in
2370 3713 2483 3755 suo
2509 3712 2735 3774 genere
2762 3693 2941 3755 radix
2982 3694 3211 3773 peccati
3242 3690 3599 3753 formaliter
3622 3707 3720 3749 seu

2155 3787 2563 3849 deformitatis
2607 3788 2762 3866 ejus,
2812 3788 2963 3865 quia
3016 3786 3297 3866 proxime
3353 3784 3609 3844 inducit
3650 3781 3721 3841 ad

2158 3880 2498 3956 materiale,
2529 3880 2593 3941 id
2628 3887 2743 3957 est,
2774 3879 2854 3940 ad
2892 3897 3263 3941 consensum
3291 3877 3721 3939 voluntarium

2156 3975 2225 4035 in
2265 3974 2453 4034 talem
2506 3978 2713 4036 actum
2762 3972 2861 4033 vel
2897 3973 3205 4053 objectum
3222 3988 3243 4049 3
3300 3988 3500 4050 neque
3558 3970 3722 4031 enim

2159 4065 2403 4127 doemon
2435 4066 2674 4127 inducit
2708 4065 2785 4125 ad
2812 4064 3075 4126 formale
3111 4064 3343 4145 peccati
3372 4067 3441 4122 ut
3466 4063 3591 4138 sic,
3624 4079 3723 4121 seu

2156 4158 2235 4221 ad
2270 4157 2608 4219 amandum
2638 4158 2951 4239 objectum
2981 4157 3385 4238 prohibitum,
3414 4172 3551 4235 qna
3582 4173 3721 4235 pro-

2156 4250 2427 4312 hibitum
2456 4258 2576 4327 est;
2606 4252 2713 4313 sed
2750 4251 2829 4312 ad
2865 4250 3021 4311 illud
3058 4256 3306 4311 tantum
3338 4246 3610 4322 inducit,
3651 4246 3721 4305 ad

2160 4345 2326 4425 quod
2370 4346 2531 4405 Deus
2588 4344 2964 4405 determinat
2996 4358 3016 4421 ;
3074 4360 3223 4421 ergo
3269 4340 3465 4402 multo
3520 4339 3723 4418 magis

2156 4438 2319 4499 Deus
2358 4438 2477 4499 erit
2514 4438 2714 4518 prima
2762 4436 2945 4498 radix
2992 4437 3183 4497 totius
3227 4432 3531 4508 formalis,
3582 4432 3725 4511 quia

2158 4530 2463 4592 efficacius
2494 4530 2569 4591 ad
2608 4528 2789 4590 illum
2814 4546 3182 4592 consensum
3210 4526 3403 4588 trahit
3432 4523 3725 4585 volunta·

2156 4628 2308 4684 tem.
2340 4623 2474 4695 Quo
2502 4622 2689 4683 etiam
2726 4622 2798 4684 fit
2834 4628 2904 4683 ut
2926 4622 3177 4701 gravius
3200 4622 3359 4682 Deus
3382 4624 3583 4681 tentet
3618 4617 3725 4677 ho·

2155 4715 2392 4776 minem
2428 4732 2617 4794 quam
2636 4715 2880 4777 daemon
2902 4738 2921 4791 3
2957 4717 3084 4777 imo
3110 4732 3241 4775 non
3267 4713 3467 4774 solum
3490 4717 3720 4781 tentet,

2154 4808 2259 4869 sed
2308 4807 2513 4888 potius
2554 4809 2736 4870 illum
2764 4809 3014 4889 dejiciat
3042 4814 3105 4870 et
3138 4812 3527 4889 prosternat;
3576 4805 3723 4885 quia

2156 4902 2321 4982 cogit
2359 4902 2539 4962 illum
2577 4903 2670 4979 (ιιι
2696 4904 2785 4964 sic
2816 4902 3043 4980 dicam)
3078 4908 3141 4963 et
3172 4901 3496 4963 efficaciter
3527 4896 3723 4957 trahit

2154 5001 2226 5055 ut
2252 4994 2595 5057 consentiat
2633 4995 2736 5056 hic
2790 5000 2853 5056 et
2890 5012 3059 5056 nunc
3102 4993 3213 5055 tali
3240 4994 3447 5069 mod0,
3498 5010 3543 5051 a
3600 5006 3721 5069 quo

2154 5106 2483 5163 consensu,
2530 5088 2618 5149 sic
2658 5088 2929 5169 praestito
2968 5086 3163 5149 libero
3190 5093 3254 5149 et
3280 5086 3561 5147 humano
3590 5102 3721 5145 mo-

2154 5180 2256 5258 do,
2291 5188 2382 5242 est
2410 5180 2837 5262 inseparabilis
2864 5180 3121 5242 malitia.

2236 5276 2337 5336 20.
2381 5276 2503 5337 Nec
2538 5274 2727 5335 refert
2758 5274 2963 5337 dicere
3001 5274 3347 5335 doemonem
3392 5289 3519 5334 esse
3570 5289 3719 5332 cau-

2156 5385 2289 5429 sam
2332 5368 2764 5444 deformitatis,
2802 5369 2949 5448 quia
2992 5374 3242 5429 tenetur
3272 5384 3401 5427 non
3446 5370 3719 5439 tentare,

2154 5461 2253 5522 vel
2287 5462 2435 5542 quia
2460 5461 2791 5523 malefacit
2818 5461 3137 5538 tentando,
3160 5465 3271 5521 aut
3306 5457 3460 5540 quid
3486 5457 3718 5529 simile,

2154 5554 2311 5615 Deus
2338 5561 2549 5616 autem
2576 5572 2702 5615 non
2732 5554 2893 5616 male
2920 5554 3066 5615 facit
3086 5550 3714 5633 praedeterminando,
