3850 6225
693 398 826 451 CAP.
862 398 966 451 vlt.
1004 396 1416 451 nEcLARATuR
1449 396 1654 453 MODUS
1686 396 1810 461 Quo
1845 397 2003 451 DEUS
2036 398 2175 451 ΗΕΒ
2208 395 2455 451 FUTURA
2488 393 2844 448 COGNOSCIT.

168 509 222 565 et
255 501 358 562 ille
385 518 683 561 excessus
723 518 800 560 ex
827 504 1004 578 parte
1041 498 1475 579 cognoscentis
1515 498 1718 559 solum

167 596 330 677 quasi
356 594 761 655 materialiter
787 611 852 655 se
887 593 1076 654 hahet
1095 592 1179 653 ad
1205 591 1712 671 cognoscendum

168 708 350 751 unum
377 690 442 749 in
469 688 630 759 ali0‚
670 705 778 747 seu
811 706 887 748 ex
917 687 1059 748 alie.
1105 686 1282 749 Unde
1314 688 1388 759 si,
1434 702 1719 764 compre-

167 787 348 844 hensa
376 780 488 843 tali
520 798 708 841 causa
747 798 890 841 eum
929 780 1221 841 omnihus
1255 777 1716 840 conditionibus

171 878 316 955 eine,
360 893 436 935 ex
477 874 540 933 vi
569 874 704 951 ejus
744 892 872 933 non
902 874 1298 953 cognoscitur
1325 872 1476 951 quid
1505 870 1712 943 faciet,

171 973 730 1049 quantumcumque
749 984 825 1026 ex
853 971 1028 1044 parte
1054 966 1486 1045 cognoscentis
1503 982 1717 1042 super·

172 1058 764 1139 comprehendatur,
816 1057 880 1118 id
909 1063 1040 1131 est,
1091 1058 1233 1119 licet
1262 1057 1614 1137 perfectiori
1641 1074 1716 1117 ac

172 1152 502 1234 perfectiori
543 1155 686 1212 actu
732 1151 1301 1230 comprehendatur
1323 1196 1338 1224 ,
1388 1167 1713 1229 nunquam

172 1247 376 1326 poterit
397 1244 536 1306 talis
559 1246 818 1305 effectus
839 1262 918 1305 ex
935 1244 993 1305 vi
1013 1244 1156 1305 talis
1177 1262 1379 1305 causae
1396 1242 1708 1322 cognosci.

175 1342 230 1404 Si
267 1345 472 1403 autem
516 1338 764 1401 dicatur
818 1337 1084 1399 alterum
1106 1384 1122 1411 ,
1165 1352 1380 1417 aperte
1433 1338 1716 1416 sequitur

174 1436 412 1495 alteram
449 1431 705 1493 illarum
735 1431 1162 1511 cognitionum
1207 1449 1335 1491 non
1373 1448 1512 1491 esse
1550 1446 1715 1490 com-

174 1527 660 1608 prehensionem,
687 1524 834 1603 quia
857 1524 920 1585 id
945 1523 1516 1603 comprehenditur,
1544 1520 1716 1599 quod

175 1620 404 1682 omnino
447 1625 542 1680 est
585 1620 678 1697 (ut
705 1620 794 1679 sic
827 1618 1055 1697 dicam)
1098 1618 1260 1679 intra
1303 1617 1714 1695 comprehen-

175 1713 424 1784 dentem,
467 1712 556 1773 ita
583 1718 654 1772 ut
682 1730 761 1773 ex
791 1717 967 1791 parte
992 1711 1217 1790 objecti
1243 1712 1398 1772 nihil
1421 1710 1596 1770 illum
1623 1709 1713 1771 la-

175 1813 312 1878 teat;
353 1811 670 1885 repugnat
708 1822 858 1884 ergo
892 1822 1028 1865 esse
1061 1804 1713 1883 comprehensionem,

177 1905 228 1961 et
263 1899 536 1978 superari
585 1916 664 1959 ex
705 1904 884 1977 parte
932 1898 1158 1976 objecti
1212 1898 1294 1959 ab
1343 1897 1464 1959 alia
1509 1896 1718 1977 cogni-

175 1993 348 2053 tione.

242 2087 293 2143 7.
337 2085 759 2166 &spondetur
795 2086 880 2147 ad
903 2083 1342 2163 Auqmtinum.
1377 2115 1460 2129 —
1497 2084 1710 2161 Neque

177 2177 500 2239 testimonia
529 2183 644 2238 aut
662 2177 1012 2239 locutiones
1035 2177 1364 2257 Augustini
1389 2176 1475 2236 illi
1503 2175 1714 2237 favent

177 2271 470 2333 sententiae
519 2289 533 2329 ε
585 2271 758 2332 aliud
787 2278 884 2332 est
905 2272 1096 2345 enim,
1133 2271 1215 2332 ad
1243 2269 1714 2351 cognoscendos

177 2366 274 2427 hos
299 2369 467 2424 actus
493 2363 730 2425 liberos
755 2362 833 2424 de
863 2382 1054 2425 causa
1084 2382 1220 2437 sua,
1253 2382 1368 2425 seu
1395 2363 1471 2423 de
1494 2362 1716 2423 voluu-

178 2464 302 2531 tate,
333 2459 392 2516 in
421 2458 528 2517 tali
559 2458 889 2519 occasione
921 2456 1252 2536 applicata,
1289 2455 1716 2517 necessarium

180 2570 294 2613 esse
333 2550 866 2630 comprehendere
911 2568 1166 2611 causam
1207 2550 1410 2629 ipsam
1453 2568 1566 2610 seu
1607 2567 1718 2609 vo-

179 2647 484 2718 luntatem,
527 2651 592 2705 et
637 2644 847 2705 omnia
875 2661 1018 2723 quae
1049 2644 1219 2705 illam
1258 2644 1662 2705 circumstant
1693 2660 1710 2714 ;

180 2738 324 2799 aliud
359 2754 504 2797 vero
543 2754 624 2799 ex
663 2738 724 2799 vi
763 2736 1342 2816 comprehensionis
1373 2752 1578 2797 causae
1607 2752 1713 2795 co-

179 2848 446 2911 gnoscere
472 2830 672 2891 talem
695 2830 1009 2891 effectum.
1047 2830 1320 2889 Primum
1346 2835 1441 2890 est
1465 2845 1704 2900 verum,

181 2924 302 3002 quia
335 2923 603 3003 cognitio
634 2923 774 2984 talis
806 2924 1066 2984 effectus
1094 2921 1390 3001 supponit
1419 2926 1480 2981 et
1507 2919 1712 2999 requi*

181 3019 244 3077 rit
264 3018 586 3095 perfectam
623 3018 1047 3096 cognitionem
1078 3034 1318 3087 causae3
1364 3014 1709 3077 secundum

184 3116 364 3173 autem
392 3119 482 3173 est
505 3113 757 3187 falsum,
789 3119 854 3173 ut
883 3117 1202 3173 ostensum
1233 3117 1348 3184 est,
1380 3127 1588 3190 neque
1623 3125 1718 3168 se-

184 3207 363 3284 quitur
387 3225 462 3266 ex
479 3206 710 3286 primo,
739 3207 884 3286 quia
911 3212 1114 3285 potest
1143 3205 1404 3266 effectus
1424 3201 1716 3283 cognosci

184 3300 249 3360 de
287 3317 484 3372 causa,
535 3317 656 3360 seu
701 3304 1107 3362 emanaturas
1151 3317 1190 3359 a
1229 3317 1440 3372 causa,
1483 3315 1608 3359 non
1652 3296 1718 3356 in

184 3395 296 3471 ipsa
321 3411 526 3466 causa,
565 3393 684 3454 sed
726 3394 790 3452 in
837 3394 1104 3472 ipsamet
1131 3392 1530 3454 emanatione
1559 3391 1623 3450 in
1647 3405 1715 3450 se

186 3487 422 3565 cognita,
445 3487 546 3547 vel
575 3491 647 3547 ut
681 3492 1011 3566 praesente,
1051 3487 1150 3548 vel
1197 3490 1267 3545 ut
1297 3485 1506 3546 futura
1535 3483 1718 3544 abso·-

187 3579 312 3652 tute,
345 3582 438 3641 vel
465 3582 586 3640 sub
610 3581 987 3642 conditione.
1023 3579 1407 3658 Augustinus
1447 3595 1596 3657 ergo
1623 3575 1717 3636 af-

187 3671 364 3734 firmat
385 3673 680 3752 primum,
706 3691 836 3733 non
861 3678 1072 3734 autem
1100 3673 1470 3734 seeundum.

435 3871 721 3936 Secunda
741 3873 1038 3936 sententia
1056 3871 1422 3935 declaratwr.

257 4049 308 4108 8.
343 4047 628 4108 Secunda
649 4048 956 4110 sententia
981 4051 1096 4118 est,
1117 4063 1495 4125 cognoscere
1515 4045 1716 4106 Deum

195 4140 512 4218 hujusmodi
581 4141 1006 4202 conditionata
1063 4139 1272 4201 futura
1347 4141 1412 4200 in
1462 4137 1714 4200 decreto

196 4249 302 4291 suae
325 4234 670 4295 voluntatis.
703 4233 883 4304 Quod
923 4233 978 4294 si
1023 4232 1280 4312 objicias
1317 4235 1518 4293 Deum
1565 4229 1718 4290 nihil

195 4323 257 4384 de
283 4326 368 4386 his
394 4345 503 4391 sua
551 4327 868 4388 voluntate
901 4326 1276 4398 decrevisse,
1310 4343 1452 4386 cum
1481 4322 1717 4402 simpli-

197 4419 321 4480 citer
344 4419 542 4480 futura
583 4437 716 4480 non
749 4419 891 4490 sint,
933 4419 1318 4498 respondent
1344 4419 1532 4498 hujus
1575 4437 1718 4480 sen-

199 4512 372 4572 tentiae
407 4518 714 4586 auctores»,
755 4515 954 4574 Deum
991 4530 1119 4574 non
1166 4529 1546 4592 cognoscere
1585 4512 1716 4572 haec

199 4601 252 4662 in
275 4605 538 4668 absoluto
569 4606 846 4678 decreto,
870 4624 994 4685 quo
1019 4605 1286 4666 voluerit
1313 4604 1416 4665 illa
1433 4591 1582 4665 'esse
1607 4608 1718 4664 aut

199 4695 330 4769 fieri,
357 4699 463 4760 sed
490 4699 550 4758 in
595 4699 843 4760 decreto
871 4698 1229 4760 includente
1263 4697 1549 4758 eamdem
1575 4716 1718 4759 con·

201 4788 462 4852 ditionem
485 4793 550 4852 in
579 4793 844 4872 objecto.
873 4793 1092 4871 Itaque
1117 4791 1296 4870 fingit
1318 4791 1454 4852 haec
1473 4795 1718 4852 senten-

203 4882 270 4941 tia
301 4885 507 4958 Deum,
537 4893 766 4964 praeter
811 4903 888 4946 ea
935 4903 1076 4964 quae
1121 4885 1404 4946 absolute
1447 4884 1720 4946 decrevit

203 4974 312 5036 fieri
343 4997 374 5037 a
415 4984 614 5041 causis
639 4980 873 5052 liberis,
901 4979 1254 5040 decrevisse
1295 4979 1484 5040 etiam
1511 4977 1720 5040 omnia

206 5085 320 5145 quae
346 5090 376 5130 a
415 5091 805 5152 quacumque
843 5073 1162 5136 voluntate
1193 5071 1471 5152 possibili
1509 5071 1720 5132 futura

207 5170 402 5236 essent,
431 5167 482 5224 si
519 5167 636 5228 suh
671 5167 790 5228 hae
817 5167 916 5228 vel
947 5167 1050 5227 illa
1085 5163 1443 5226 conditione
1478 5181 1720 5225 creare-

209 5261 310 5328 tur,
333 5259 448 5320 imo
488 5267 548 5322 et
575 5261 784 5322 omnia
817 5279 956 5340 quae
991 5261 1258 5340 ipsamet
1299 5260 1585 5320 voluntas
1625 5257 1718 5320 di-

209 5348 329 5410 vina
358 5351 600 5427 faceret,
633 5355 686 5416 si
724 5353 864 5414 aliae
907 5355 1268 5416 occasiones
1315 5353 1414 5414 vel
1459 5353 1720 5414 circum·

212 5443 415 5506 stantiae
441 5444 518 5506 ad
546 5446 928 5525 operandum
975 5464 1042 5509 se
1071 5447 1158 5508 ini
1199 5447 1515 5508 offerrent.
1547 5445 1718 5506 Hane

212 5539 542 5600 sententiam
587 5539 854 5604 docuere
881 5539 1167 5602 nonnulli
1198 5557 1274 5601 ex
1302 5539 1400 5604 his
1456 5537 1720 5600 auctori-

3238 390 3353 450 367

1799 497 1919 559 hus
1950 499 2269 559 modernis
2298 496 2587 575 (Cumel.,
2622 499 2677 556 1.
2728 496 2815 573 2),
2864 494 2973 574 qui
3005 494 3362 573 praedefini-

1797 592 2039 653 tionem
2078 591 2189 653 Dei
2219 591 2543 669 requirunt
2590 595 2661 650 nt
2707 604 2959 649 causam
3005 585 3367 665 simpliciter

1798 686 2222 745 necessariam
2268 690 2331 745 et
2386 682 2783 745 essentialem
2840 686 3091 741 actuum
3144 680 3363 741 huma-

1797 794 2022 841 norum
2050 826 2065 851 ,
2118 776 2570 839 confundentes
2610 766 3171 855 praedefinitionem
3214 792 3359 836 cum

1798 891 2128 933 concursu.
2151 874 2319 933 Inter
2348 870 2635 948 antiquos
2666 887 2813 929 vero
2841 873 3043 946 potest
3072 868 3203 929 hoec
3228 868 3359 947 opi-

1796 968 1901 1027 nio
1956 966 2209 1027 attribui
2236 966 2418 1026 Scoto
2470 969 2531 1024 et
2578 962 2734 1035 aliis,
2770 961 2875 1041 qui
2928 961 3218 1023 dixerunt
3259 980 3359 1024 co-

1799 1080 2102 1141 gnoscere
2132 1061 2330 1121 Deum
2365 1056 2809 1135 contingentia,
2848 1074 2985 1135 quoe
3020 1056 3357 1135 aliquando

1798 1162 1941 1215 sunt
1966 1154 2197 1226 futura,
2220 1154 2286 1213 in
2316 1152 2566 1212 decreto
2593 1149 2803 1228 aliquo
2832 1166 2961 1209 suae
2992 1150 3355 1224 voluntatiS,

1797 1266 2159 1327 quanquam
2194 1245 2280 1307 illi
2324 1245 2403 1305 de
2455 1244 2577 1303 hoc
2632 1242 3053 1303 conditionato
3102 1242 3357 1307 decreto

1798 1340 1951 1401 nihil
1982 1339 2426 1419 expresserint.

1877 1436 1939 1495 9.
1986 1432 2174 1496 Ratio
2228 1436 2440 1494 contra
2469 1428 2836 1512 superiorem
2880 1430 3257 1491 sententiam.
3276 1459 3359 1475 -

1799 1525 1914 1587 Alii
1963 1543 2113 1586 vero
2158 1529 2401 1585 tantum
2426 1523 2507 1583 ab
2542 1524 2661 1583 hae
2688 1522 2997 1582 sententia
3026 1522 3353 1594 dissident,

1799 1624 1865 1680 ut
1891 1618 2273 1696 impossibile
2314 1618 2399 1678 eis
2438 1615 2721 1677 videatur
2750 1616 2981 1677 habere
3010 1616 3211 1677 Deum
3238 1616 3361 1676 hu·-

1792 1712 2073 1793 jusmodi
2117 1710 2534 1773 conditionata
2564 1708 2835 1769 decreta.
2870 1708 3025 1780 Quia
3072 1710 3357 1770 voluntas

1801 1807 1906 1867 illa
1946 1823 2071 1865 non
2099 1808 2304 1883 potest
2336 1820 2473 1863 esse
2498 1802 2853 1863 necessaria
2884 1802 2950 1862 in
2975 1803 3107 1863 Deo
3146 1801 3359 1881 quoad

1801 1897 2329 1979 specificationem
2372 1896 2463 1974 (ut
2504 1896 2591 1956 sic
2620 1894 2871 1975 dicam),
2895 1895 3041 1973 quia
3068 1896 3356 1955 voluntas

1800 1986 2010 2055 diuina
2024 2010 2153 2053 non
2170 1996 2265 2051 est
2279 2008 2353 2051 ex
2379 2006 2446 2051 se
2475 1988 2891 2051 determinata
2918 1988 2999 2049 ad
3020 1988 3361 2050 volendum

1793 2092 1912 2152 hoc
1943 2086 2149 2165 potius
2190 2102 2381 2163 quam
2421 2082 2577 2143 illud
2619 2082 2781 2144 circa
2823 2088 3173 2144 creaturam
3202 2081 3360 2144 libe-

1793 2200 1953 2253 ram,
1986 2194 2383 2258 quacumque
2410 2175 2762 2238 conditione
2782 2176 3004 2255 posita,
3026 2181 3087 2235 et
3116 2176 3359 2237 seclusa

1796 2275 1918 2336 alia
1938 2270 2131 2351 priori
2163 2269 2481 2331 voluntate
2514 2268 2610 2328 vel
2638 2268 3049 2346 permissione
3078 2269 3211 2330 Dei.
3243 2268 3361 2331 Ne-

1799 2386 1922 2445 que
1956 2366 2145 2427 etiam
2186 2370 2281 2425 est
2322 2360 2674 2422 necessaria
2717 2361 2925 2440 quoad
2971 2362 3357 2438 exercitium,

1799 2461 1948 2540 quia
1989 2448 2157 2519 Deus
2212 2456 2377 2518 circa
2420 2461 2739 2517 creaturas
2790 2456 3025 2517 nullam
3072 2475 3361 2518 necessa-

1795 2555 1957 2614 riam
1988 2551 2373 2612 voluntatem
2419 2548 2632 2621 hahet,
2662 2548 2781 2609 nisi
2824 2547 3088 2610 fortasse
3130 2550 3361 2629 simpli-

1797 2666 1935 2709 cem
2000 2643 2517 2723 complacentiam
2576 2641 2657 2703 de
2706 2641 2865 2716 illis,
2918 2650 2989 2704 ut
3034 2644 3360 2723 possibiles

1793 2746 1960 2813 sunt,
1992 2741 2303 2817 quatenus
2330 2736 2449 2795 hac
2478 2734 2719 2796 ratione
2762 2736 3217 2815 connexionem
3250 2736 3361 2796 ha-

1791 2832 1943 2893 bent
1970 2850 2115 2893 cum
2144 2848 2259 2890 sua
2282 2828 2771 2908 omnipotentia3
2812 2828 2929 2891 sub
2959 2844 3359 2909 quacumque

1792 2931 2005 2986 autem
2040 2923 2161 2985 alia
2201 2923 2465 2995 ratione,
2510 2923 2627 2982 suh
2664 2939 2789 3000 qua
2830 2940 2959 2983 non
2996 2922 3231 2985 habent
3270 2929 3361 2986 ta-

1794 3020 1922 3080 lem
1956 3016 2431 3089 connexionem,
2464 3016 2563 3075 vel
2594 3034 2736 3077 cnm
2766 3016 3233 3095 omnipotentia,
3258 3017 3359 3080 vel

1797 3131 1941 3175 eum
1991 3110 2267 3174 bonitate
2322 3116 2431 3172 aut
2476 3109 2861 3171 heatitudine
2907 3110 3043 3188 Dei,
3089 3130 3219 3173 non
3264 3119 3362 3174 est

1799 3227 1910 3269 cur
1934 3209 2103 3270 Deus
2130 3206 2485 3266 necessario
2516 3209 2807 3267 exerceat
2848 3206 3121 3286 aliquem
3150 3215 3361 3268 actum

1799 3298 2135 3361 voluntatis
2185 3298 2349 3360 circa
2400 3298 2559 3359 illae.
2610 3300 2847 3360 Rursus
2894 3318 3011 3360 nec
3060 3300 3199 3361 talis
3260 3319 3359 3362 ac-

1798 3399 1896 3454 tus
1923 3397 2129 3471 potest
2170 3409 2308 3453 esse
2342 3390 2523 3465 liber,
2560 3391 2706 3470 quia
2755 3410 2882 3452 non
2926 3397 3128 3472 potest
3176 3395 3361 3455 intel-

1795 3486 1902 3566 ligi
1956 3491 2133 3546 aetus
2176 3483 2337 3545 liber
2392 3484 2457 3545 in
2500 3485 2655 3558 Deo,
2697 3485 2815 3546 nisi
2863 3503 2940 3546 ex
2987 3503 3061 3546 eo
3102 3487 3361 3549 resultet

1795 3597 1909 3658 pro
1938 3577 2147 3657 aliquo
2178 3583 2461 3656 tempore
2490 3578 2752 3639 mutatio
2778 3578 2841 3639 in
2883 3586 3206 3652 creatura;
3247 3580 3361 3643 sed

1798 3689 1874 3732 ex
1903 3672 2005 3733 illa
2052 3672 2369 3732 voluntate
2408 3671 2855 3745 conditionata,
2882 3672 3055 3734 nulla
3100 3673 3361 3735 resultat

1795 3767 2057 3828 mutatio
2086 3767 2151 3826 in
2178 3772 2467 3826 creatura
2509 3765 2719 3848 aliquo
2770 3773 3053 3845 tempore
3100 3762 3313 3828 futura
3333 3791 3353 3844 3

1797 3862 1943 3938 quia
1984 3878 2063 3920 ex
2088 3861 2147 3921 vi
2177 3858 2317 3920 talis
2353 3859 2687 3920 voluntatis
2716 3865 3000 3922 creatura
3030 3879 3359 3939 nunquam

1797 3955 1935 4026 erit,
1962 3953 2247 4012 absolute
2278 3951 2618 4032 loquendo,
2651 3957 2713 4013 et
2740 3953 3172 4014 conditionalis
3202 3954 3359 4015 nihil

1797 4046 1971 4125 ponit
1998 4046 2060 4105 in
2090 4060 2267 4123 esse;
2291 4063 2443 4124 ergo
2468 4045 2609 4106 talis
2635 4044 2921 4108 voluntas
2946 4066 3075 4108 non
3104 4055 3197 4108 est
3220 4067 3360 4128 pos-

1798 4140 2011 4202 sibilie.
2062 4139 2261 4219 Major
2303 4143 2496 4218 patet,
2548 4139 2695 4218 quia
2723 4140 2863 4201 talis
2898 4140 3181 4202 voluntas
3228 4161 3359 4204 non

1799 4238 2005 4313 potest
2033 4251 2172 4294 esse
2200 4233 2265 4292 in
2303 4234 2433 4293 Deo
2458 4250 2572 4311 per
2594 4234 3003 4296 mutationem
3025 4223 3171 4310 Dei3
3206 4255 3357 4316 ergo

1799 4333 2045 4405 oportet
2073 4331 2143 4387 ut
2170 4326 2249 4386 sit
2284 4344 2427 4386 cum
2454 4327 2799 4388 mutatione
2825 4334 3146 4403 creaturae,
3182 4331 3355 4410 quia,

1797 4439 1942 4482 cum
1978 4422 2141 4482 inter
2182 4421 2287 4480 illa
2319 4420 2443 4481 duo
2482 4427 2782 4492 extrema,
2813 4422 3045 4484 seilicet
3070 4425 3363 4486 volunta-

1796 4521 1927 4576 tem
1965 4514 2079 4574 Dei
2130 4519 2192 4575 et
2224 4519 2601 4588 creaturam,
2652 4513 2886 4575 mediet
2934 4534 3097 4576 nova
3139 4517 3359 4580 relatio

1799 4608 2023 4670 saltem
2052 4607 2329 4680 rationiS,
2370 4625 2629 4668 necesse
2658 4613 2751 4669 est
2787 4615 2853 4669 ut
2881 4609 2985 4670 illa
3015 4609 3237 4672 saltem
3260 4631 3361 4674 re-

1797 4707 1966 4763 mote
2003 4700 2299 4761 fundetur
2321 4700 2383 4769 in
2408 4701 2752 4761 mutatione
2790 4701 3045 4764 alterius
3075 4707 3359 4781 extremi,

1798 4795 1947 4873 quia
1988 4793 2093 4855 illa
2123 4793 2340 4855 relatio
2378 4812 2503 4854 non
2542 4799 2637 4854 est
2682 4794 2947 4857 conficta
2987 4798 3122 4860 sine
3150 4800 3359 4880 aliquo

1798 4887 2207 4948 fundamento
2235 4887 2303 4946 in
2329 4905 2420 4948 re.

1884 4984 1981 5042 10.
2026 4981 2173 5044 Non
2210 4981 2509 5060 probatur
2532 4983 2876 5062 praecedem
2921 4983 3257 5048 discursus.
3280 5019 3364 5033 —

1800 5073 1933 5136 Sed·
1970 5091 2087 5152 ego
2138 5090 2265 5133 non
2308 5091 2534 5134 censeo
2578 5075 2936 5153 hujusmodi
2978 5077 3362 5140 voluntatem

1800 5185 1939 5227 esse
2010 5164 2367 5243 simpliciter
2415 5165 2869 5244 impossibilem
2916 5167 2981 5228 in
3026 5169 3155 5231 Deo
3180 5215 3196 5244 ,
3234 5179 3363 5231 tam

1800 5260 1963 5320 circa
2011 5257 2279 5319 volenda
2324 5258 2403 5319 ab
2444 5259 2579 5338 ipso
2626 5261 2780 5334 Deo,
2834 5279 3027 5342 quam
3072 5282 3109 5322 a
3142 5264 3364 5324 volun-

1797 5359 1924 5414 tate
1956 5356 2185 5412 creata.
2230 5352 2351 5413 Cur
2390 5353 2557 5412 enim
2598 5371 2727 5414 non
2768 5359 2975 5432 potest
3000 5355 3167 5418 Deus
3196 5376 3364 5419 nune

1798 5445 2033 5506 habere
2102 5445 2265 5505 hanc
2320 5445 2702 5505 voluntatem
2758 5463 2773 5504 τ
2828 5446 2892 5508 Si
2949 5465 3229 5511 crearem
3272 5456 3364 5511 ta-

1797 5537 1924 5600 lem
1978 5537 2289 5619 Angelum
2319 5583 2335 5610 ,
2387 5537 2899 5617 praedestinarem
2938 5541 3149 5618 illum;
3206 5555 3357 5608 aut:
