<?xml version="1.0" encoding="UTF-8"?>
<!DOCTYPE html PUBLIC "-//W3C//DTD XHTML 1.0 Transitional//EN"
    "http://www.w3.org/TR/xhtml1/DTD/xhtml1-transitional.dtd">
<html xmlns="http://www.w3.org/1999/xhtml" xml:lang="en" lang="en">
 <head>
  <title>
</title>
<meta http-equiv="Content-Type" content="text/html;charset=utf-8" />
  <meta name='ocr-system' content='tesseract 3.04.00' />
  <meta name='ocr-capabilities' content='ocr_page ocr_carea ocr_par ocr_line ocrx_word'/>
</head>
<body>
  <div class='ocr_page' id='page_1' title='image "./rpfranciscisuar01duvagoog_0563.png"; bbox 0 0 3850 6225; ppageno 0'>
   <div class='ocr_carea' id='block_1_1' title="bbox 645 423 2805 482">
    <p class='ocr_par' dir='ltr' id='par_1_1' title="bbox 645 423 2805 482">
     <span class='ocr_line' id='line_1_1' title="bbox 645 423 2805 482; baseline -0.001 -4"><span class='ocrx_word' id='word_1_1' title='bbox 645 427 816 479; x_wconf 74' lang='lat' dir='ltr'><strong>sssc&#39;r.</strong></span> <span class='ocrx_word' id='word_1_2' title='bbox 851 428 933 480; x_wconf 84' lang='grc' dir='ltr'>ΙΙΙ.</span> <span class='ocrx_word' id='word_1_3' title='bbox 969 427 1150 480; x_wconf 77' lang='lat' dir='ltr'><strong>SITNE</strong></span> <span class='ocrx_word' id='word_1_4' title='bbox 1183 428 1246 480; x_wconf 76' lang='lat' dir='ltr'><strong>m</strong></span> <span class='ocrx_word' id='word_1_5' title='bbox 1281 427 1402 482; x_wconf 75' lang='grc' dir='ltr'><strong>ΒΕΘ</strong></span> <span class='ocrx_word' id='word_1_6' title='bbox 1431 429 1600 480; x_wconf 73' lang='lat' dir='ltr'><strong>VERA</strong></span> <span class='ocrx_word' id='word_1_7' title='bbox 1637 427 1716 480; x_wconf 70' lang='lat' dir='ltr'><strong>Ac</strong></span> <span class='ocrx_word' id='word_1_8' title='bbox 1749 425 2015 478; x_wconf 73' lang='lat' dir='ltr'><strong>PROPRIA</strong></span> <span class='ocrx_word' id='word_1_9' title='bbox 2047 425 2482 480; x_wconf 63' lang='lat' dir='ltr'><strong>mstmnmwa</strong></span> <span class='ocrx_word' id='word_1_10' title='bbox 2514 423 2805 477; x_wconf 63' lang='lat' dir='ltr'><strong>insutu.</strong></span> 
     </span>
    </p>
   </div>
   <div class='ocr_carea' id='block_1_2' title="bbox 77 525 1691 5293">
    <p class='ocr_par' dir='ltr' id='par_1_2' title="bbox 77 525 1683 3487">
     <span class='ocr_line' id='line_1_2' title="bbox 77 525 1678 608; baseline 0.001 -21"><span class='ocrx_word' id='word_1_11' title='bbox 77 525 270 606; x_wconf 84' lang='lat' dir='ltr'><strong>juria</strong></span> <span class='ocrx_word' id='word_1_12' title='bbox 297 526 588 599; x_wconf 80' lang='lat' dir='ltr'><strong>affectus;</strong></span> <span class='ocrx_word' id='word_1_13' title='bbox 626 532 688 589; x_wconf 89' lang='lat' dir='ltr'><strong>et</strong></span> <span class='ocrx_word' id='word_1_14' title='bbox 721 527 1006 606; x_wconf 82' lang='lat' dir='ltr'><strong>captivus</strong></span> <span class='ocrx_word' id='word_1_15' title='bbox 1049 545 1302 608; x_wconf 81' lang='lat' dir='ltr'><strong>semper</strong></span> <span class='ocrx_word' id='word_1_16' title='bbox 1323 534 1540 590; x_wconf 91' lang='lat' dir='ltr'><strong>manet</strong></span> <span class='ocrx_word' id='word_1_17' title='bbox 1571 527 1678 588; x_wconf 87' lang='lat' dir='ltr'><strong>de-</strong></span> 
     </span>
     <span class='ocr_line' id='line_1_3' title="bbox 89 621 1678 702; baseline 0 -20"><span class='ocrx_word' id='word_1_18' title='bbox 89 622 296 696; x_wconf 82' lang='lat' dir='ltr'><strong>bitor,</strong></span> <span class='ocrx_word' id='word_1_19' title='bbox 341 621 852 701; x_wconf 86' lang='lat' dir='ltr'><strong>quandoquidem</strong></span> <span class='ocrx_word' id='word_1_20' title='bbox 900 622 1070 702; x_wconf 84' lang='lat' dir='ltr'><strong>juste</strong></span> <span class='ocrx_word' id='word_1_21' title='bbox 1113 623 1220 684; x_wconf 87' lang='lat' dir='ltr'><strong>tali</strong></span> <span class='ocrx_word' id='word_1_22' title='bbox 1252 640 1444 702; x_wconf 86' lang='lat' dir='ltr'><strong>poena</strong></span> <span class='ocrx_word' id='word_1_23' title='bbox 1481 621 1678 684; x_wconf 86' lang='lat' dir='ltr'><strong>affici-</strong></span> 
     </span>
     <span class='ocr_line' id='line_1_4' title="bbox 91 713 1674 796; baseline -0.001 -20"><span class='ocrx_word' id='word_1_24' title='bbox 91 721 246 787; x_wconf 85' lang='lat' dir='ltr'><strong>tur;</strong></span> <span class='ocrx_word' id='word_1_25' title='bbox 283 720 348 776; x_wconf 88' lang='lat' dir='ltr'><strong>et</strong></span> <span class='ocrx_word' id='word_1_26' title='bbox 373 720 856 793; x_wconf 75' lang='lat' dir='ltr'><strong>consequenter,</strong></span> <span class='ocrx_word' id='word_1_27' title='bbox 887 715 1234 796; x_wconf 83' lang='lat' dir='ltr'><strong>redemptio</strong></span> <span class='ocrx_word' id='word_1_28' title='bbox 1263 716 1404 778; x_wconf 89' lang='lat' dir='ltr'><strong>talis</strong></span> <span class='ocrx_word' id='word_1_29' title='bbox 1449 713 1674 794; x_wconf 81' lang='lat' dir='ltr'><strong>captivi</strong></span> 
     </span>
     <span class='ocr_line' id='line_1_5' title="bbox 97 797 1678 888; baseline -0.001 -20"><span class='ocrx_word' id='word_1_30' title='bbox 97 813 206 868; x_wconf 90' lang='lat' dir='ltr'><strong>est</strong></span> <span class='ocrx_word' id='word_1_31' title='bbox 234 806 528 886; x_wconf 76' lang='lat' dir='ltr'><strong>quaedam</strong></span> <span class='ocrx_word' id='word_1_32' title='bbox 550 824 754 886; x_wconf 76' lang='lat' dir='ltr'><strong>poenae</strong></span> <span class='ocrx_word' id='word_1_33' title='bbox 783 809 1213 882; x_wconf 81' lang='lat' dir='ltr'>commutatio,</span> <span class='ocrx_word' id='word_1_34' title='bbox 1244 797 1316 870; x_wconf 70' lang='lat' dir='ltr'><strong>ef</strong></span> <span class='ocrx_word' id='word_1_35' title='bbox 1335 807 1558 888; x_wconf 90' lang='lat' dir='ltr'><strong>prioris</strong></span> <span class='ocrx_word' id='word_1_36' title='bbox 1581 807 1678 868; x_wconf 90' lang='lat' dir='ltr'><strong>in-</strong></span> 
     </span>
     <span class='ocr_line' id='line_1_6' title="bbox 87 899 1676 980; baseline 0.001 -20"><span class='ocrx_word' id='word_1_37' title='bbox 87 901 290 980; x_wconf 79' lang='lat' dir='ltr'><strong>juriae</strong></span> <span class='ocrx_word' id='word_1_38' title='bbox 327 899 621 979; x_wconf 65' lang='lat' dir='ltr'><strong>quaedam</strong></span> <span class='ocrx_word' id='word_1_39' title='bbox 681 900 1042 962; x_wconf 79' lang='lat' dir='ltr'><strong>satisfactio.</strong></span> <span class='ocrx_word' id='word_1_40' title='bbox 1095 902 1191 963; x_wconf 80' lang='lat' dir='ltr'><strong>Ad</strong></span> <span class='ocrx_word' id='word_1_41' title='bbox 1245 902 1408 962; x_wconf 90' lang='lat' dir='ltr'><strong>hanc</strong></span> <span class='ocrx_word' id='word_1_42' title='bbox 1437 907 1676 964; x_wconf 81' lang='lat' dir='ltr'><strong>,autem</strong></span> 
     </span>
     <span class='ocr_line' id='line_1_7' title="bbox 95 993 1676 1073; baseline -0.001 -18"><span class='ocrx_word' id='word_1_43' title='bbox 95 993 666 1056; x_wconf 82' lang='lat' dir='ltr'><strong>commutationem</strong></span> <span class='ocrx_word' id='word_1_44' title='bbox 694 1011 825 1054; x_wconf 87' lang='lat' dir='ltr'><strong>non</strong></span> <span class='ocrx_word' id='word_1_45' title='bbox 852 999 1098 1072; x_wconf 88' lang='lat' dir='ltr'><strong>poterat</strong></span> <span class='ocrx_word' id='word_1_46' title='bbox 1125 995 1418 1055; x_wconf 89' lang='lat' dir='ltr'><strong>dominus</strong></span> <span class='ocrx_word' id='word_1_47' title='bbox 1445 1011 1522 1055; x_wconf 84' lang='lat' dir='ltr'><strong>ex</strong></span> <span class='ocrx_word' id='word_1_48' title='bbox 1545 995 1676 1073; x_wconf 87' lang='lat' dir='ltr'><strong>jus-</strong></span> 
     </span>
     <span class='ocr_line' id='line_1_8' title="bbox 95 1085 1674 1167; baseline 0.001 -20"><span class='ocrx_word' id='word_1_49' title='bbox 95 1087 246 1147; x_wconf 86' lang='lat' dir='ltr'><strong>titia</strong></span> <span class='ocrx_word' id='word_1_50' title='bbox 271 1086 438 1166; x_wconf 80' lang='lat' dir='ltr'><strong>cogi,</strong></span> <span class='ocrx_word' id='word_1_51' title='bbox 479 1087 627 1166; x_wconf 86' lang='lat' dir='ltr'><strong>quia</strong></span> <span class='ocrx_word' id='word_1_52' title='bbox 650 1085 921 1148; x_wconf 82' lang='lat' dir='ltr'><strong>liberum</strong></span> <span class='ocrx_word' id='word_1_53' title='bbox 949 1087 1036 1148; x_wconf 87' lang='lat' dir='ltr'><strong>illi</strong></span> <span class='ocrx_word' id='word_1_54' title='bbox 1067 1093 1234 1150; x_wconf 86' lang='lat' dir='ltr'><strong>esset</strong></span> <span class='ocrx_word' id='word_1_55' title='bbox 1263 1088 1430 1149; x_wconf 88' lang='lat' dir='ltr'><strong>huuc</strong></span> <span class='ocrx_word' id='word_1_56' title='bbox 1451 1087 1674 1167; x_wconf 88' lang='lat' dir='ltr'><strong>punire</strong></span> 
     </span>
     <span class='ocr_line' id='line_1_9' title="bbox 95 1179 1678 1258; baseline 0 -18"><span class='ocrx_word' id='word_1_57' title='bbox 95 1196 302 1258; x_wconf 86' lang='lat' dir='ltr'><strong>poena</strong></span> <span class='ocrx_word' id='word_1_58' title='bbox 341 1179 656 1241; x_wconf 79' lang='lat' dir='ltr'><strong>servitutis</strong></span> <span class='ocrx_word' id='word_1_59' title='bbox 677 1223 692 1251; x_wconf 91' lang='lat'><strong>,</strong></span> <span class='ocrx_word' id='word_1_60' title='bbox 735 1179 884 1258; x_wconf 83' lang='lat' dir='ltr'><strong>quia</strong></span> <span class='ocrx_word' id='word_1_61' title='bbox 923 1179 1068 1258; x_wconf 89' lang='lat' dir='ltr'><strong>jure</strong></span> <span class='ocrx_word' id='word_1_62' title='bbox 1109 1181 1394 1258; x_wconf 84' lang='lat' dir='ltr'><strong>gentium</strong></span> <span class='ocrx_word' id='word_1_63' title='bbox 1421 1181 1554 1242; x_wconf 79' lang='lat' dir='ltr'><strong>hoec</strong></span> <span class='ocrx_word' id='word_1_64' title='bbox 1584 1186 1678 1241; x_wconf 89' lang='lat' dir='ltr'><strong>est</strong></span> 
     </span>
     <span class='ocr_line' id='line_1_10' title="bbox 98 1270 1677 1354; baseline 0.001 -22"><span class='ocrx_word' id='word_1_65' title='bbox 98 1270 371 1333; x_wconf 86' lang='lat' dir='ltr'><strong>definite</strong></span> <span class='ocrx_word' id='word_1_66' title='bbox 403 1272 796 1345; x_wconf 79' lang='lat' dir='ltr'><strong>introducta3</strong></span> <span class='ocrx_word' id='word_1_67' title='bbox 839 1279 902 1334; x_wconf 89' lang='lat' dir='ltr'><strong>et</strong></span> <span class='ocrx_word' id='word_1_68' title='bbox 952 1273 1356 1335; x_wconf 88' lang='lat' dir='ltr'><strong>nihilomiuus</strong></span> <span class='ocrx_word' id='word_1_69' title='bbox 1397 1292 1677 1354; x_wconf 82' lang='lat' dir='ltr'><strong>praesup-</strong></span> 
     </span>
     <span class='ocr_line' id='line_1_11' title="bbox 97 1365 1676 1445; baseline 0.003 -21"><span class='ocrx_word' id='word_1_70' title='bbox 97 1365 318 1444; x_wconf 87' lang='lat' dir='ltr'><strong>posito</strong></span> <span class='ocrx_word' id='word_1_71' title='bbox 359 1369 566 1445; x_wconf 87' lang='lat' dir='ltr'><strong>pacto,</strong></span> <span class='ocrx_word' id='word_1_72' title='bbox 601 1365 842 1444; x_wconf 88' lang='lat' dir='ltr'><strong>justitia</strong></span> <span class='ocrx_word' id='word_1_73' title='bbox 889 1373 1141 1445; x_wconf 81' lang='lat' dir='ltr'><strong>cogeret</strong></span> <span class='ocrx_word' id='word_1_74' title='bbox 1201 1366 1284 1428; x_wconf 89' lang='lat' dir='ltr'><strong>ad</strong></span> <span class='ocrx_word' id='word_1_75' title='bbox 1327 1373 1676 1428; x_wconf 89' lang='lat' dir='ltr'><strong>commuta-</strong></span> 
     </span>
     <span class='ocr_line' id='line_1_12' title="bbox 97 1459 1676 1524; baseline 0.001 -4"><span class='ocrx_word' id='word_1_76' title='bbox 97 1459 348 1520; x_wconf 85' lang='lat' dir='ltr'><strong>tionem</strong></span> <span class='ocrx_word' id='word_1_77' title='bbox 367 1459 746 1521; x_wconf 88' lang='lat' dir='ltr'><strong>faciendam.</strong></span> <span class='ocrx_word' id='word_1_78' title='bbox 773 1461 929 1522; x_wconf 87' lang='lat' dir='ltr'><strong>Cum</strong></span> <span class='ocrx_word' id='word_1_79' title='bbox 957 1467 1170 1522; x_wconf 86' lang='lat' dir='ltr'><strong>autem</strong></span> <span class='ocrx_word' id='word_1_80' title='bbox 1195 1461 1460 1524; x_wconf 80' lang='lat' dir='ltr'><strong>dicimus</strong></span> <span class='ocrx_word' id='word_1_81' title='bbox 1479 1461 1676 1522; x_wconf 87' lang='lat' dir='ltr'><strong>domi·</strong></span> 
     </span>
     <span class='ocr_line' id='line_1_13' title="bbox 103 1553 1673 1636; baseline 0.003 -24"><span class='ocrx_word' id='word_1_82' title='bbox 103 1570 266 1612; x_wconf 86' lang='lat' dir='ltr'><strong>num</strong></span> <span class='ocrx_word' id='word_1_83' title='bbox 297 1570 438 1614; x_wconf 86' lang='lat' dir='ltr'><strong>esse</strong></span> <span class='ocrx_word' id='word_1_84' title='bbox 477 1553 718 1626; x_wconf 62' lang='lat' dir='ltr'><strong>laesum,</strong></span> <span class='ocrx_word' id='word_1_85' title='bbox 759 1559 822 1615; x_wconf 89' lang='lat' dir='ltr'><strong>et</strong></span> <span class='ocrx_word' id='word_1_86' title='bbox 863 1555 1157 1633; x_wconf 85' lang='lat' dir='ltr'><strong>injuriam</strong></span> <span class='ocrx_word' id='word_1_87' title='bbox 1205 1574 1344 1618; x_wconf 87' lang='lat' dir='ltr'><strong>esse</strong></span> <span class='ocrx_word' id='word_1_88' title='bbox 1379 1573 1635 1636; x_wconf 88' lang='lat' dir='ltr'><strong>passum</strong></span> <span class='ocrx_word' id='word_1_89' title='bbox 1657 1599 1673 1628; x_wconf 92' lang='lat'><strong>,</strong></span> 
     </span>
     <span class='ocr_line' id='line_1_14' title="bbox 103 1645 1678 1730; baseline 0.002 -23"><span class='ocrx_word' id='word_1_90' title='bbox 103 1653 260 1718; x_wconf 87' lang='lat' dir='ltr'><strong>etc.,</strong></span> <span class='ocrx_word' id='word_1_91' title='bbox 299 1664 382 1708; x_wconf 89' lang='lat' dir='ltr'><strong>ne</strong></span> <span class='ocrx_word' id='word_1_92' title='bbox 413 1645 554 1724; x_wconf 84' lang='lat' dir='ltr'><strong>quis</strong></span> <span class='ocrx_word' id='word_1_93' title='bbox 581 1646 740 1709; x_wconf 89' lang='lat' dir='ltr'><strong>forte</strong></span> <span class='ocrx_word' id='word_1_94' title='bbox 767 1646 1136 1726; x_wconf 78' lang='lat' dir='ltr'><strong>decipiatur,</strong></span> <span class='ocrx_word' id='word_1_95' title='bbox 1168 1668 1298 1710; x_wconf 90' lang='lat' dir='ltr'><strong>non</strong></span> <span class='ocrx_word' id='word_1_96' title='bbox 1326 1650 1570 1730; x_wconf 82' lang='lat' dir='ltr'><strong>agimus</strong></span> <span class='ocrx_word' id='word_1_97' title='bbox 1598 1648 1678 1710; x_wconf 88' lang='lat' dir='ltr'><strong>de</strong></span> 
     </span>
     <span class='ocr_line' id='line_1_15' title="bbox 101 1739 1681 1820; baseline 0.002 -21"><span class='ocrx_word' id='word_1_98' title='bbox 101 1739 398 1819; x_wconf 85' lang='lat' dir='ltr'><strong>proxima</strong></span> <span class='ocrx_word' id='word_1_99' title='bbox 425 1757 540 1800; x_wconf 85' lang='lat' dir='ltr'><strong>seu</strong></span> <span class='ocrx_word' id='word_1_100' title='bbox 570 1739 928 1818; x_wconf 79' lang='lat' dir='ltr'><strong>particulari</strong></span> <span class='ocrx_word' id='word_1_101' title='bbox 961 1759 1230 1820; x_wconf 84' lang='lat' dir='ltr'><strong>persona</strong></span> <span class='ocrx_word' id='word_1_102' title='bbox 1254 1743 1526 1804; x_wconf 78' lang='lat' dir='ltr'><strong>habente</strong></span> <span class='ocrx_word' id='word_1_103' title='bbox 1568 1741 1681 1803; x_wconf 92' lang='lat' dir='ltr'><strong>do-</strong></span> 
     </span>
     <span class='ocr_line' id='line_1_16' title="bbox 109 1833 1679 1915; baseline 0.002 -23"><span class='ocrx_word' id='word_1_104' title='bbox 109 1833 387 1893; x_wconf 87' lang='lat' dir='ltr'><strong>minium</strong></span> <span class='ocrx_word' id='word_1_105' title='bbox 425 1833 566 1894; x_wconf 89' lang='lat' dir='ltr'><strong>talis</strong></span> <span class='ocrx_word' id='word_1_106' title='bbox 595 1835 782 1910; x_wconf 83' lang='lat' dir='ltr'><strong>servi,</strong></span> <span class='ocrx_word' id='word_1_107' title='bbox 821 1833 934 1895; x_wconf 89' lang='lat' dir='ltr'><strong>sed</strong></span> <span class='ocrx_word' id='word_1_108' title='bbox 977 1835 1056 1896; x_wconf 92' lang='lat' dir='ltr'><strong>de</strong></span> <span class='ocrx_word' id='word_1_109' title='bbox 1087 1835 1370 1915; x_wconf 86' lang='lat' dir='ltr'><strong>Principe</strong></span> <span class='ocrx_word' id='word_1_110' title='bbox 1417 1853 1532 1898; x_wconf 91' lang='lat' dir='ltr'><strong>seu</strong></span> <span class='ocrx_word' id='word_1_111' title='bbox 1557 1835 1679 1896; x_wconf 80' lang='lat' dir='ltr'><strong>Re-</strong></span> 
     </span>
     <span class='ocr_line' id='line_1_17' title="bbox 101 1925 1679 2008; baseline 0.003 -23"><span class='ocrx_word' id='word_1_112' title='bbox 101 1925 366 2004; x_wconf 78' lang='lat' dir='ltr'><strong>pubUca</strong></span> <span class='ocrx_word' id='word_1_113' title='bbox 393 1927 494 1988; x_wconf 84' lang='lat' dir='ltr'><strong>cui</strong></span> <span class='ocrx_word' id='word_1_114' title='bbox 535 1927 770 1988; x_wconf 89' lang='lat' dir='ltr'><strong>bellum</strong></span> <span class='ocrx_word' id='word_1_115' title='bbox 799 1928 1104 2008; x_wconf 84' lang='lat' dir='ltr'><strong>injustum</strong></span> <span class='ocrx_word' id='word_1_116' title='bbox 1139 1929 1378 1991; x_wconf 87' lang='lat' dir='ltr'><strong>illatum</strong></span> <span class='ocrx_word' id='word_1_117' title='bbox 1405 1935 1536 2003; x_wconf 86' lang='lat' dir='ltr'><strong>est;</strong></span> <span class='ocrx_word' id='word_1_118' title='bbox 1569 1947 1679 1992; x_wconf 89' lang='lat' dir='ltr'><strong>cu-</strong></span> 
     </span>
     <span class='ocr_line' id='line_1_18' title="bbox 96 2019 1680 2104; baseline 0.004 -26"><span class='ocrx_word' id='word_1_119' title='bbox 96 2019 212 2098; x_wconf 89' lang='lat' dir='ltr'><strong>jus</strong></span> <span class='ocrx_word' id='word_1_120' title='bbox 230 2019 342 2099; x_wconf 89' lang='lat' dir='ltr'><strong>jus</strong></span> <span class='ocrx_word' id='word_1_121' title='bbox 381 2025 673 2082; x_wconf 89' lang='lat' dir='ltr'><strong>censetur</strong></span> <span class='ocrx_word' id='word_1_122' title='bbox 699 2021 1021 2084; x_wconf 78' lang='lat' dir='ltr'><strong>transferri</strong></span> <span class='ocrx_word' id='word_1_123' title='bbox 1051 2022 1134 2084; x_wconf 88' lang='lat' dir='ltr'><strong>ad</strong></span> <span class='ocrx_word' id='word_1_124' title='bbox 1173 2023 1516 2104; x_wconf 88' lang='lat' dir='ltr'><strong>quemlibet</strong></span> <span class='ocrx_word' id='word_1_125' title='bbox 1535 2042 1680 2103; x_wconf 89' lang='lat' dir='ltr'><strong>par-</strong></span> 
     </span>
     <span class='ocr_line' id='line_1_19' title="bbox 101 2113 1680 2197; baseline 0.005 -25"><span class='ocrx_word' id='word_1_126' title='bbox 101 2113 441 2175; x_wconf 86' lang='lat' dir='ltr'><strong>ticnlarem</strong></span> <span class='ocrx_word' id='word_1_127' title='bbox 489 2114 864 2186; x_wconf 56' lang='lat' dir='ltr'><strong>dominum„</strong></span> <span class='ocrx_word' id='word_1_128' title='bbox 898 2117 1141 2196; x_wconf 87' lang='lat' dir='ltr'><strong>Optime</strong></span> <span class='ocrx_word' id='word_1_129' title='bbox 1193 2135 1345 2197; x_wconf 86' lang='lat' dir='ltr'><strong>crgo</strong></span> <span class='ocrx_word' id='word_1_130' title='bbox 1399 2117 1680 2180; x_wconf 80' lang='lat' dir='ltr'><strong>declarat</strong></span> 
     </span>
     <span class='ocr_line' id='line_1_20' title="bbox 105 2207 1679 2290; baseline 0.003 -22"><span class='ocrx_word' id='word_1_131' title='bbox 105 2207 274 2268; x_wconf 88' lang='lat' dir='ltr'><strong>illud</strong></span> <span class='ocrx_word' id='word_1_132' title='bbox 305 2209 665 2288; x_wconf 84' lang='lat' dir='ltr'><strong>exemplum</strong></span> <span class='ocrx_word' id='word_1_133' title='bbox 711 2208 846 2270; x_wconf 86' lang='lat' dir='ltr'><strong>fieri</strong></span> <span class='ocrx_word' id='word_1_134' title='bbox 894 2227 1078 2290; x_wconf 87' lang='lat' dir='ltr'><strong>posse</strong></span> <span class='ocrx_word' id='word_1_135' title='bbox 1103 2256 1118 2284; x_wconf 92' lang='lat'>‚</span> <span class='ocrx_word' id='word_1_136' title='bbox 1150 2217 1220 2271; x_wconf 89' lang='lat' dir='ltr'><strong>ut</strong></span> <span class='ocrx_word' id='word_1_137' title='bbox 1269 2211 1477 2290; x_wconf 87' lang='lat' dir='ltr'><strong>aliqua</strong></span> <span class='ocrx_word' id='word_1_138' title='bbox 1507 2229 1679 2273; x_wconf 90' lang='lat' dir='ltr'><strong>com-</strong></span> 
     </span>
     <span class='ocr_line' id='line_1_21' title="bbox 104 2300 1678 2383; baseline 0.003 -22"><span class='ocrx_word' id='word_1_139' title='bbox 104 2300 402 2379; x_wconf 83' lang='lat' dir='ltr'><strong>pensatio</strong></span> <span class='ocrx_word' id='word_1_140' title='bbox 448 2319 674 2381; x_wconf 76' lang='lat' dir='ltr'><strong>poenae,</strong></span> <span class='ocrx_word' id='word_1_141' title='bbox 727 2303 970 2364; x_wconf 89' lang='lat' dir='ltr'><strong>secluso</strong></span> <span class='ocrx_word' id='word_1_142' title='bbox 1013 2310 1218 2383; x_wconf 84' lang='lat' dir='ltr'><strong>pacto,</strong></span> <span class='ocrx_word' id='word_1_143' title='bbox 1263 2321 1394 2366; x_wconf 88' lang='lat' dir='ltr'><strong>non</strong></span> <span class='ocrx_word' id='word_1_144' title='bbox 1448 2305 1678 2366; x_wconf 85' lang='lat' dir='ltr'><strong>habeat</strong></span> 
     </span>
     <span class='ocr_line' id='line_1_22' title="bbox 108 2394 1680 2474; baseline 0.003 -20"><span class='ocrx_word' id='word_1_145' title='bbox 108 2394 540 2472; x_wconf 77' lang='lat' dir='ltr'><strong>aequalitatem</strong></span> <span class='ocrx_word' id='word_1_146' title='bbox 587 2395 861 2474; x_wconf 79' lang='lat' dir='ltr'><strong>justitiae,</strong></span> <span class='ocrx_word' id='word_1_147' title='bbox 909 2395 975 2456; x_wconf 92' lang='lat' dir='ltr'><strong>id</strong></span> <span class='ocrx_word' id='word_1_148' title='bbox 1015 2403 1130 2468; x_wconf 90' lang='lat' dir='ltr'><strong>est,</strong></span> <span class='ocrx_word' id='word_1_149' title='bbox 1172 2415 1297 2458; x_wconf 90' lang='lat' dir='ltr'><strong>non</strong></span> <span class='ocrx_word' id='word_1_150' title='bbox 1345 2397 1426 2458; x_wconf 90' lang='lat' dir='ltr'><strong>sit</strong></span> <span class='ocrx_word' id='word_1_151' title='bbox 1458 2397 1680 2459; x_wconf 86' lang='lat' dir='ltr'><strong>efficax</strong></span> 
     </span>
     <span class='ocr_line' id='line_1_23' title="bbox 109 2487 1678 2570; baseline 0.003 -23"><span class='ocrx_word' id='word_1_152' title='bbox 109 2487 200 2548; x_wconf 86' lang='lat' dir='ltr'><strong>ad</strong></span> <span class='ocrx_word' id='word_1_153' title='bbox 236 2487 670 2550; x_wconf 86' lang='lat' dir='ltr'><strong>inducendam</strong></span> <span class='ocrx_word' id='word_1_154' title='bbox 690 2490 947 2569; x_wconf 81' lang='lat' dir='ltr'><strong>justitiae</strong></span> <span class='ocrx_word' id='word_1_155' title='bbox 993 2491 1435 2570; x_wconf 80' lang='lat' dir='ltr'><strong>obligationem</strong></span> <span class='ocrx_word' id='word_1_156' title='bbox 1463 2490 1542 2551; x_wconf 93' lang='lat' dir='ltr'><strong>de</strong></span> <span class='ocrx_word' id='word_1_157' title='bbox 1571 2491 1678 2552; x_wconf 89' lang='lat' dir='ltr'><strong>tali</strong></span> 
     </span>
     <span class='ocr_line' id='line_1_24' title="bbox 113 2582 1678 2664; baseline 0.003 -22"><span class='ocrx_word' id='word_1_158' title='bbox 113 2582 630 2660; x_wconf 86' lang='lat' dir='ltr'><strong>compensatione</strong></span> <span class='ocrx_word' id='word_1_159' title='bbox 658 2583 1062 2662; x_wconf 88' lang='lat' dir='ltr'><strong>acceptanda,</strong></span> <span class='ocrx_word' id='word_1_160' title='bbox 1103 2603 1222 2646; x_wconf 89' lang='lat' dir='ltr'><strong>uec</strong></span> <span class='ocrx_word' id='word_1_161' title='bbox 1249 2603 1366 2664; x_wconf 90' lang='lat' dir='ltr'><strong>per</strong></span> <span class='ocrx_word' id='word_1_162' title='bbox 1401 2603 1538 2645; x_wconf 87' lang='lat' dir='ltr'><strong>sese</strong></span> <span class='ocrx_word' id='word_1_163' title='bbox 1577 2603 1678 2646; x_wconf 90' lang='lat' dir='ltr'><strong>re-</strong></span> 
     </span>
     <span class='ocr_line' id='line_1_25' title="bbox 108 2675 1676 2759; baseline 0.002 -22"><span class='ocrx_word' id='word_1_164' title='bbox 108 2675 308 2737; x_wconf 87' lang='lat' dir='ltr'><strong>ducat</strong></span> <span class='ocrx_word' id='word_1_165' title='bbox 333 2677 820 2756; x_wconf 62' lang='lat' dir='ltr'><strong>inaequalitatem</strong></span> <span class='ocrx_word' id='word_1_166' title='bbox 865 2678 1092 2740; x_wconf 87' lang='lat' dir='ltr'><strong>factam</strong></span> <span class='ocrx_word' id='word_1_167' title='bbox 1141 2679 1222 2740; x_wconf 89' lang='lat' dir='ltr'><strong>ad</strong></span> <span class='ocrx_word' id='word_1_168' title='bbox 1256 2679 1676 2759; x_wconf 75' lang='lat' dir='ltr'><strong>aequalitatem</strong></span> 
     </span>
     <span class='ocr_line' id='line_1_26' title="bbox 105 2769 1680 2852; baseline 0.003 -23"><span class='ocrx_word' id='word_1_169' title='bbox 105 2769 394 2848; x_wconf 63' lang='lat' dir='ltr'><strong>justitiae,</strong></span> <span class='ocrx_word' id='word_1_170' title='bbox 427 2776 490 2832; x_wconf 89' lang='lat' dir='ltr'><strong>et</strong></span> <span class='ocrx_word' id='word_1_171' title='bbox 531 2777 745 2834; x_wconf 86' lang='lat' dir='ltr'><strong>tamen</strong></span> <span class='ocrx_word' id='word_1_172' title='bbox 787 2773 956 2851; x_wconf 89' lang='lat' dir='ltr'><strong>quod</strong></span> <span class='ocrx_word' id='word_1_173' title='bbox 1005 2772 1460 2834; x_wconf 81' lang='lat' dir='ltr'><strong>interveniente</strong></span> <span class='ocrx_word' id='word_1_174' title='bbox 1497 2779 1680 2852; x_wconf 87' lang='lat' dir='ltr'><strong>pacto</strong></span> 
     </span>
     <span class='ocr_line' id='line_1_27' title="bbox 111 2864 1682 2936; baseline 0.003 -14"><span class='ocrx_word' id='word_1_175' title='bbox 111 2864 252 2923; x_wconf 80' lang='lat' dir='ltr'><strong>haec</strong></span> <span class='ocrx_word' id='word_1_176' title='bbox 303 2865 514 2925; x_wconf 89' lang='lat' dir='ltr'><strong>omnia</strong></span> <span class='ocrx_word' id='word_1_177' title='bbox 556 2865 809 2926; x_wconf 89' lang='lat' dir='ltr'><strong>habeat.</strong></span> <span class='ocrx_word' id='word_1_178' title='bbox 856 2864 1033 2936; x_wconf 83' lang='lat' dir='ltr'><strong>Quod</strong></span> <span class='ocrx_word' id='word_1_179' title='bbox 1085 2867 1136 2927; x_wconf 91' lang='lat' dir='ltr'><strong>si</strong></span> <span class='ocrx_word' id='word_1_180' title='bbox 1174 2867 1310 2926; x_wconf 81' lang='lat' dir='ltr'><strong>haec</strong></span> <span class='ocrx_word' id='word_1_181' title='bbox 1353 2884 1499 2927; x_wconf 82' lang='lat' dir='ltr'><strong>vera</strong></span> <span class='ocrx_word' id='word_1_182' title='bbox 1539 2871 1682 2928; x_wconf 89' lang='lat' dir='ltr'><strong>sunt</strong></span> 
     </span>
     <span class='ocr_line' id='line_1_28' title="bbox 111 2956 1682 3038; baseline 0.003 -22"><span class='ocrx_word' id='word_1_183' title='bbox 111 2956 308 3016; x_wconf 87' lang='lat' dir='ltr'><strong>etiam</strong></span> <span class='ocrx_word' id='word_1_184' title='bbox 345 2958 510 3018; x_wconf 87' lang='lat' dir='ltr'><strong>inter</strong></span> <span class='ocrx_word' id='word_1_185' title='bbox 539 2963 882 3032; x_wconf 79' lang='lat' dir='ltr'><strong>creaturae,</strong></span> <span class='ocrx_word' id='word_1_186' title='bbox 911 2959 1108 3020; x_wconf 89' lang='lat' dir='ltr'><strong>multo</strong></span> <span class='ocrx_word' id='word_1_187' title='bbox 1149 2959 1348 3038; x_wconf 89' lang='lat' dir='ltr'><strong>magis</strong></span> <span class='ocrx_word' id='word_1_188' title='bbox 1374 2958 1538 3020; x_wconf 90' lang='lat' dir='ltr'><strong>inter</strong></span> <span class='ocrx_word' id='word_1_189' title='bbox 1569 2959 1682 3019; x_wconf 92' lang='lat' dir='ltr'><strong>ho·-</strong></span> 
     </span>
     <span class='ocr_line' id='line_1_29' title="bbox 110 3051 1682 3133; baseline 0.001 -19"><span class='ocrx_word' id='word_1_190' title='bbox 110 3053 320 3115; x_wconf 86' lang='lat' dir='ltr'><strong>mines</strong></span> <span class='ocrx_word' id='word_1_191' title='bbox 347 3056 411 3114; x_wconf 84' lang='lat' dir='ltr'><strong>et</strong></span> <span class='ocrx_word' id='word_1_192' title='bbox 442 3053 669 3124; x_wconf 72' lang='lat' dir='ltr'><strong>Deum</strong></span> <span class='ocrx_word' id='word_1_193' title='bbox 703 3051 852 3132; x_wconf 85' lang='lat' dir='ltr'><strong>quia</strong></span> <span class='ocrx_word' id='word_1_194' title='bbox 893 3070 1036 3113; x_wconf 90' lang='lat' dir='ltr'><strong>cum</strong></span> <span class='ocrx_word' id='word_1_195' title='bbox 1077 3052 1156 3115; x_wconf 88' lang='lat' dir='ltr'><strong>sit</strong></span> <span class='ocrx_word' id='word_1_196' title='bbox 1202 3069 1534 3133; x_wconf 89' lang='lat' dir='ltr'><strong>supremus</strong></span> <span class='ocrx_word' id='word_1_197' title='bbox 1574 3053 1682 3115; x_wconf 88' lang='lat' dir='ltr'><strong>do-</strong></span> 
     </span>
     <span class='ocr_line' id='line_1_30' title="bbox 109 3146 1682 3225; baseline 0 -18"><span class='ocrx_word' id='word_1_198' title='bbox 109 3148 346 3218; x_wconf 77' lang='lat' dir='ltr'><strong>minuS,</strong></span> <span class='ocrx_word' id='word_1_199' title='bbox 381 3164 512 3206; x_wconf 87' lang='lat' dir='ltr'><strong>non</strong></span> <span class='ocrx_word' id='word_1_200' title='bbox 542 3150 746 3225; x_wconf 86' lang='lat' dir='ltr'><strong>potest</strong></span> <span class='ocrx_word' id='word_1_201' title='bbox 777 3146 1039 3225; x_wconf 86' lang='lat' dir='ltr'><strong>obligari</strong></span> <span class='ocrx_word' id='word_1_202' title='bbox 1067 3147 1147 3209; x_wconf 87' lang='lat' dir='ltr'><strong>ad</strong></span> <span class='ocrx_word' id='word_1_203' title='bbox 1173 3146 1370 3207; x_wconf 80' lang='lat' dir='ltr'><strong>ullam</strong></span> <span class='ocrx_word' id='word_1_204' title='bbox 1409 3146 1682 3208; x_wconf 88' lang='lat' dir='ltr'><strong>satisfac-</strong></span> 
     </span>
     <span class='ocr_line' id='line_1_31' title="bbox 111 3240 1679 3320; baseline 0 -18"><span class='ocrx_word' id='word_1_205' title='bbox 111 3242 350 3302; x_wconf 85' lang='lat' dir='ltr'><strong>tionem</strong></span> <span class='ocrx_word' id='word_1_206' title='bbox 395 3243 700 3301; x_wconf 77' lang='lat' dir='ltr'><strong>creatnrae</strong></span> <span class='ocrx_word' id='word_1_207' title='bbox 757 3240 1230 3320; x_wconf 83' lang='lat' dir='ltr'><strong>acceptandam,</strong></span> <span class='ocrx_word' id='word_1_208' title='bbox 1273 3246 1504 3320; x_wconf 80' lang='lat' dir='ltr'><strong>proeter</strong></span> <span class='ocrx_word' id='word_1_209' title='bbox 1537 3258 1679 3302; x_wconf 89' lang='lat' dir='ltr'><strong>eam</strong></span> 
     </span>
     <span class='ocr_line' id='line_1_32' title="bbox 111 3332 1683 3413; baseline 0.001 -19"><span class='ocrx_word' id='word_1_210' title='bbox 111 3350 308 3413; x_wconf 88' lang='lat' dir='ltr'><strong>quam</strong></span> <span class='ocrx_word' id='word_1_211' title='bbox 341 3333 478 3411; x_wconf 83' lang='lat' dir='ltr'><strong>ipse</strong></span> <span class='ocrx_word' id='word_1_212' title='bbox 507 3332 924 3411; x_wconf 85' lang='lat' dir='ltr'><strong>ordinaverit,</strong></span> <span class='ocrx_word' id='word_1_213' title='bbox 952 3334 1054 3395; x_wconf 85' lang='lat' dir='ltr'><strong>vel</strong></span> <span class='ocrx_word' id='word_1_214' title='bbox 1089 3352 1166 3395; x_wconf 86' lang='lat' dir='ltr'><strong>ex</strong></span> <span class='ocrx_word' id='word_1_215' title='bbox 1208 3338 1394 3413; x_wconf 86' lang='lat' dir='ltr'><strong>pacto</strong></span> <span class='ocrx_word' id='word_1_216' title='bbox 1431 3338 1494 3395; x_wconf 90' lang='lat' dir='ltr'><strong>et</strong></span> <span class='ocrx_word' id='word_1_217' title='bbox 1537 3351 1683 3413; x_wconf 91' lang='lat' dir='ltr'><strong>pro-</strong></span> 
     </span>
     <span class='ocr_line' id='line_1_33' title="bbox 107 3426 938 3487; baseline 0 0"><span class='ocrx_word' id='word_1_218' title='bbox 107 3426 414 3487; x_wconf 89' lang='lat' dir='ltr'><strong>missione</strong></span> <span class='ocrx_word' id='word_1_219' title='bbox 441 3443 556 3487; x_wconf 89' lang='lat' dir='ltr'><strong>sua</strong></span> <span class='ocrx_word' id='word_1_220' title='bbox 583 3426 938 3487; x_wconf 85' lang='lat' dir='ltr'><strong>instituerit.</strong></span> 
     </span>
    </p>

    <p class='ocr_par' dir='ltr' id='par_1_3' title="bbox 107 3519 1691 5293">
     <span class='ocr_line' id='line_1_34' title="bbox 195 3519 1682 3600; baseline 0.001 -19"><span class='ocrx_word' id='word_1_221' title='bbox 195 3522 296 3581; x_wconf 78' lang='lat'><strong>57.</strong></span> <span class='ocrx_word' id='word_1_222' title='bbox 339 3519 446 3583; x_wconf 73' lang='lat' dir='ltr'><strong>Aa</strong></span> <span class='ocrx_word' id='word_1_223' title='bbox 463 3521 762 3589; x_wconf 67' lang='lat' dir='ltr'><strong>racionem</strong></span> <span class='ocrx_word' id='word_1_224' title='bbox 800 3523 870 3583; x_wconf 71' lang='lat' dir='ltr'><strong>in</strong></span> <span class='ocrx_word' id='word_1_225' title='bbox 907 3522 1169 3584; x_wconf 57' lang='lat' dir='ltr'><strong>secunda</strong></span> <span class='ocrx_word' id='word_1_226' title='bbox 1205 3519 1524 3600; x_wconf 71' lang='lat' dir='ltr'><strong>objectione</strong></span> <span class='ocrx_word' id='word_1_227' title='bbox 1552 3524 1682 3595; x_wconf 77' lang='lat' dir='ltr'><strong>fao-</strong></span> 
     </span>
     <span class='ocr_line' id='line_1_35' title="bbox 107 3613 1682 3695; baseline -0.001 -20"><span class='ocrx_word' id='word_1_228' title='bbox 107 3618 242 3675; x_wconf 72' lang='lat' dir='ltr'><strong>tam</strong></span> <span class='ocrx_word' id='word_1_229' title='bbox 265 3614 678 3695; x_wconf 65' lang='lat' dir='ltr'><strong>respondetur.</strong></span> <span class='ocrx_word' id='word_1_230' title='bbox 698 3614 880 3674; x_wconf 85' lang='lat' dir='ltr'><strong>—Ex</strong></span> <span class='ocrx_word' id='word_1_231' title='bbox 908 3614 1008 3675; x_wconf 86' lang='lat' dir='ltr'><strong>his</strong></span> <span class='ocrx_word' id='word_1_232' title='bbox 1039 3630 1190 3694; x_wconf 88' lang='lat' dir='ltr'><strong>ergo</strong></span> <span class='ocrx_word' id='word_1_233' title='bbox 1227 3613 1378 3675; x_wconf 89' lang='lat' dir='ltr'><strong>satis</strong></span> <span class='ocrx_word' id='word_1_234' title='bbox 1423 3630 1682 3692; x_wconf 89' lang='lat' dir='ltr'><strong>respon-</strong></span> 
     </span>
     <span class='ocr_line' id='line_1_36' title="bbox 110 3704 1679 3785; baseline 0.001 -19"><span class='ocrx_word' id='word_1_235' title='bbox 110 3723 258 3766; x_wconf 87' lang='lat' dir='ltr'><strong>sum</strong></span> <span class='ocrx_word' id='word_1_236' title='bbox 309 3716 405 3767; x_wconf 88' lang='lat' dir='ltr'><strong>est</strong></span> <span class='ocrx_word' id='word_1_237' title='bbox 453 3704 746 3767; x_wconf 71' lang='lat' dir='ltr'><strong>secundae</strong></span> <span class='ocrx_word' id='word_1_238' title='bbox 799 3705 1166 3785; x_wconf 86' lang='lat' dir='ltr'><strong>objectioni,</strong></span> <span class='ocrx_word' id='word_1_239' title='bbox 1225 3724 1364 3785; x_wconf 77' lang='lat' dir='ltr'><strong>quae</strong></span> <span class='ocrx_word' id='word_1_240' title='bbox 1421 3712 1556 3767; x_wconf 87' lang='lat' dir='ltr'><strong>erat</strong></span> <span class='ocrx_word' id='word_1_241' title='bbox 1599 3706 1679 3767; x_wconf 91' lang='lat' dir='ltr'><strong>de</strong></span> 
     </span>
     <span class='ocr_line' id='line_1_37' title="bbox 111 3797 1682 3877; baseline 0.001 -18"><span class='ocrx_word' id='word_1_242' title='bbox 111 3797 472 3877; x_wconf 68' lang='lat' dir='ltr'><strong>aequalitate</strong></span> <span class='ocrx_word' id='word_1_243' title='bbox 516 3798 974 3860; x_wconf 74' lang='lat' dir='ltr'><strong>satisfactionis.</strong></span> <span class='ocrx_word' id='word_1_244' title='bbox 1021 3798 1200 3862; x_wconf 86' lang='lat' dir='ltr'><strong>Unde</strong></span> <span class='ocrx_word' id='word_1_245' title='bbox 1238 3798 1322 3861; x_wconf 87' lang='lat' dir='ltr'><strong>ad</strong></span> <span class='ocrx_word' id='word_1_246' title='bbox 1369 3800 1682 3861; x_wconf 87' lang='lat' dir='ltr'><strong>rationem</strong></span> 
     </span>
     <span class='ocr_line' id='line_1_38' title="bbox 112 3890 1681 3973; baseline 0.002 -23"><span class='ocrx_word' id='word_1_247' title='bbox 112 3891 204 3951; x_wconf 85' lang='lat' dir='ltr'><strong>ibi</strong></span> <span class='ocrx_word' id='word_1_248' title='bbox 231 3890 458 3952; x_wconf 84' lang='lat' dir='ltr'><strong>factam</strong></span> <span class='ocrx_word' id='word_1_249' title='bbox 497 3892 914 3971; x_wconf 88' lang='lat' dir='ltr'><strong>respondetur</strong></span> <span class='ocrx_word' id='word_1_250' title='bbox 957 3892 1024 3952; x_wconf 91' lang='lat' dir='ltr'><strong>in</strong></span> <span class='ocrx_word' id='word_1_251' title='bbox 1066 3892 1292 3965; x_wconf 85' lang='lat' dir='ltr'><strong>forma,</strong></span> <span class='ocrx_word' id='word_1_252' title='bbox 1333 3893 1681 3973; x_wconf 83' lang='lat' dir='ltr'><strong>aequivoca-</strong></span> 
     </span>
     <span class='ocr_line' id='line_1_39' title="bbox 115 3984 1680 4065; baseline 0 -20"><span class='ocrx_word' id='word_1_253' title='bbox 115 3984 354 4045; x_wconf 80' lang='lat' dir='ltr'><strong>tionem</strong></span> <span class='ocrx_word' id='word_1_254' title='bbox 411 3984 710 4046; x_wconf 82' lang='lat' dir='ltr'><strong>committi</strong></span> <span class='ocrx_word' id='word_1_255' title='bbox 777 3984 845 4045; x_wconf 89' lang='lat' dir='ltr'><strong>in</strong></span> <span class='ocrx_word' id='word_1_256' title='bbox 885 4003 1040 4047; x_wconf 85' lang='lat' dir='ltr'><strong>voce</strong></span> <span class='ocrx_word' id='word_1_257' title='bbox 1095 3986 1465 4065; x_wconf 86' lang='lat' dir='ltr'><strong>oequalitatis</strong></span> <span class='ocrx_word' id='word_1_258' title='bbox 1498 4031 1513 4059; x_wconf 94' lang='lat'>‚</span> <span class='ocrx_word' id='word_1_259' title='bbox 1567 4003 1680 4046; x_wconf 91' lang='lat' dir='ltr'><strong>seu</strong></span> 
     </span>
     <span class='ocr_line' id='line_1_40' title="bbox 119 4076 1682 4158; baseline 0.001 -21"><span class='ocrx_word' id='word_1_260' title='bbox 119 4076 380 4156; x_wconf 56' lang='lat' dir='ltr'><strong>{equalis</strong></span> <span class='ocrx_word' id='word_1_261' title='bbox 407 4077 864 4152; x_wconf 83' lang='lat' dir='ltr'><strong>satisfactionis,</strong></span> <span class='ocrx_word' id='word_1_262' title='bbox 895 4078 1042 4158; x_wconf 85' lang='lat' dir='ltr'><strong>quia</strong></span> <span class='ocrx_word' id='word_1_263' title='bbox 1073 4081 1280 4157; x_wconf 87' lang='lat' dir='ltr'><strong>potest</strong></span> <span class='ocrx_word' id='word_1_264' title='bbox 1307 4097 1444 4140; x_wconf 91' lang='lat' dir='ltr'><strong>esse</strong></span> <span class='ocrx_word' id='word_1_265' title='bbox 1473 4096 1682 4158; x_wconf 79' lang='lat' dir='ltr'><strong>aequa-</strong></span> 
     </span>
     <span class='ocr_line' id='line_1_41' title="bbox 117 4171 1684 4245; baseline 0 -14"><span class='ocrx_word' id='word_1_266' title='bbox 117 4172 198 4231; x_wconf 88' lang='lat' dir='ltr'><strong>lis</strong></span> <span class='ocrx_word' id='word_1_267' title='bbox 221 4172 284 4230; x_wconf 89' lang='lat' dir='ltr'><strong>in</strong></span> <span class='ocrx_word' id='word_1_268' title='bbox 311 4171 532 4231; x_wconf 88' lang='lat' dir='ltr'><strong>morali</strong></span> <span class='ocrx_word' id='word_1_269' title='bbox 563 4171 798 4245; x_wconf 85' lang='lat' dir='ltr'><strong>valore,</strong></span> <span class='ocrx_word' id='word_1_270' title='bbox 832 4178 896 4233; x_wconf 89' lang='lat' dir='ltr'><strong>et</strong></span> <span class='ocrx_word' id='word_1_271' title='bbox 943 4171 1378 4244; x_wconf 58' lang='lat' dir='ltr'><strong>aestimatione,</strong></span> <span class='ocrx_word' id='word_1_272' title='bbox 1419 4190 1548 4231; x_wconf 91' lang='lat' dir='ltr'><strong>non</strong></span> <span class='ocrx_word' id='word_1_273' title='bbox 1589 4178 1684 4231; x_wconf 88' lang='lat' dir='ltr'><strong>ta-</strong></span> 
     </span>
     <span class='ocr_line' id='line_1_42' title="bbox 117 4264 1684 4344; baseline -0.001 -19"><span class='ocrx_word' id='word_1_274' title='bbox 117 4282 270 4325; x_wconf 88' lang='lat' dir='ltr'><strong>men</strong></span> <span class='ocrx_word' id='word_1_275' title='bbox 299 4265 362 4324; x_wconf 88' lang='lat' dir='ltr'><strong>in</strong></span> <span class='ocrx_word' id='word_1_276' title='bbox 390 4265 792 4344; x_wconf 77' lang='lat' dir='ltr'><strong>proportione</strong></span> <span class='ocrx_word' id='word_1_277' title='bbox 829 4265 922 4343; x_wconf 92' lang='lat' dir='ltr'><strong>(ut</strong></span> <span class='ocrx_word' id='word_1_278' title='bbox 955 4265 1042 4325; x_wconf 91' lang='lat' dir='ltr'><strong>sic</strong></span> <span class='ocrx_word' id='word_1_279' title='bbox 1073 4264 1302 4344; x_wconf 88' lang='lat' dir='ltr'><strong>dicam)</strong></span> <span class='ocrx_word' id='word_1_280' title='bbox 1332 4264 1413 4325; x_wconf 87' lang='lat' dir='ltr'><strong>ad</strong></span> <span class='ocrx_word' id='word_1_281' title='bbox 1442 4264 1684 4325; x_wconf 88' lang='lat' dir='ltr'><strong>solven-</strong></span> 
     </span>
     <span class='ocr_line' id='line_1_43' title="bbox 119 4356 1684 4438; baseline -0.001 -20"><span class='ocrx_word' id='word_1_282' title='bbox 119 4358 274 4419; x_wconf 89' lang='lat' dir='ltr'><strong>dum</strong></span> <span class='ocrx_word' id='word_1_283' title='bbox 305 4356 585 4419; x_wconf 86' lang='lat' dir='ltr'><strong>debitum</strong></span> <span class='ocrx_word' id='word_1_284' title='bbox 635 4375 748 4420; x_wconf 90' lang='lat' dir='ltr'><strong>seu</strong></span> <span class='ocrx_word' id='word_1_285' title='bbox 787 4375 1079 4437; x_wconf 79' lang='lat' dir='ltr'><strong>poenam3</strong></span> <span class='ocrx_word' id='word_1_286' title='bbox 1117 4358 1266 4438; x_wconf 87' lang='lat' dir='ltr'><strong>quia</strong></span> <span class='ocrx_word' id='word_1_287' title='bbox 1304 4362 1511 4437; x_wconf 89' lang='lat' dir='ltr'><strong>potest</strong></span> <span class='ocrx_word' id='word_1_288' title='bbox 1545 4374 1684 4418; x_wconf 90' lang='lat' dir='ltr'><strong>esse</strong></span> 
     </span>
     <span class='ocr_line' id='line_1_44' title="bbox 121 4449 1688 4530; baseline 0 -19"><span class='ocrx_word' id='word_1_289' title='bbox 121 4450 380 4511; x_wconf 83' lang='lat' dir='ltr'><strong>definita</strong></span> <span class='ocrx_word' id='word_1_290' title='bbox 403 4451 485 4512; x_wconf 88' lang='lat' dir='ltr'><strong>ad</strong></span> <span class='ocrx_word' id='word_1_291' title='bbox 521 4450 715 4512; x_wconf 87' lang='lat' dir='ltr'><strong>talem</strong></span> <span class='ocrx_word' id='word_1_292' title='bbox 751 4449 1028 4530; x_wconf 87' lang='lat' dir='ltr'><strong>speciem</strong></span> <span class='ocrx_word' id='word_1_293' title='bbox 1051 4468 1284 4530; x_wconf 80' lang='lat' dir='ltr'><strong>poenae,</strong></span> <span class='ocrx_word' id='word_1_294' title='bbox 1315 4468 1430 4511; x_wconf 88' lang='lat' dir='ltr'><strong>seu</strong></span> <span class='ocrx_word' id='word_1_295' title='bbox 1458 4450 1548 4511; x_wconf 90' lang='lat' dir='ltr'><strong>rei</strong></span> <span class='ocrx_word' id='word_1_296' title='bbox 1579 4450 1688 4511; x_wconf 90' lang='lat' dir='ltr'><strong>de-</strong></span> 
     </span>
     <span class='ocr_line' id='line_1_45' title="bbox 121 4542 1682 4623; baseline -0.001 -18"><span class='ocrx_word' id='word_1_297' title='bbox 121 4545 297 4615; x_wconf 59' lang='lat' dir='ltr'><strong>bium</strong></span> <span class='ocrx_word' id='word_1_298' title='bbox 333 4562 458 4622; x_wconf 87' lang='lat' dir='ltr'><strong>quo</strong></span> <span class='ocrx_word' id='word_1_299' title='bbox 486 4561 612 4604; x_wconf 90' lang='lat' dir='ltr'><strong>non</strong></span> <span class='ocrx_word' id='word_1_300' title='bbox 658 4544 971 4615; x_wconf 87' lang='lat' dir='ltr'><strong>obstante,</strong></span> <span class='ocrx_word' id='word_1_301' title='bbox 1002 4543 1138 4604; x_wconf 86' lang='lat' dir='ltr'><strong>fieri</strong></span> <span class='ocrx_word' id='word_1_302' title='bbox 1164 4550 1390 4623; x_wconf 88' lang='lat' dir='ltr'><strong>potest,</strong></span> <span class='ocrx_word' id='word_1_303' title='bbox 1423 4542 1682 4604; x_wconf 86' lang='lat' dir='ltr'><strong>interve-</strong></span> 
     </span>
     <span class='ocr_line' id='line_1_46' title="bbox 123 4636 1688 4718; baseline -0.001 -21"><span class='ocrx_word' id='word_1_304' title='bbox 123 4638 334 4697; x_wconf 86' lang='lat' dir='ltr'><strong>niente</strong></span> <span class='ocrx_word' id='word_1_305' title='bbox 363 4642 568 4715; x_wconf 89' lang='lat' dir='ltr'><strong>pacto‚</strong></span> <span class='ocrx_word' id='word_1_306' title='bbox 595 4642 664 4697; x_wconf 90' lang='lat' dir='ltr'><strong>ut</strong></span> <span class='ocrx_word' id='word_1_307' title='bbox 691 4636 796 4697; x_wconf 90' lang='lat' dir='ltr'><strong>illa</strong></span> <span class='ocrx_word' id='word_1_308' title='bbox 825 4637 1161 4697; x_wconf 81' lang='lat' dir='ltr'><strong>satisfactio</strong></span> <span class='ocrx_word' id='word_1_309' title='bbox 1181 4639 1314 4718; x_wconf 83' lang='lat' dir='ltr'><strong>jam</strong></span> <span class='ocrx_word' id='word_1_310' title='bbox 1342 4636 1418 4697; x_wconf 90' lang='lat' dir='ltr'><strong>sit</strong></span> <span class='ocrx_word' id='word_1_311' title='bbox 1449 4654 1524 4696; x_wconf 85' lang='lat' dir='ltr'><strong>ex</strong></span> <span class='ocrx_word' id='word_1_312' title='bbox 1553 4636 1688 4715; x_wconf 84' lang='lat' dir='ltr'><strong>jus-</strong></span> 
     </span>
     <span class='ocr_line' id='line_1_47' title="bbox 123 4728 1690 4809; baseline -0.001 -20"><span class='ocrx_word' id='word_1_313' title='bbox 123 4728 258 4789; x_wconf 84' lang='lat' dir='ltr'><strong>titia</strong></span> <span class='ocrx_word' id='word_1_314' title='bbox 291 4730 514 4806; x_wconf 75' lang='lat' dir='ltr'><strong>oequali</strong></span> <span class='ocrx_word' id='word_1_315' title='bbox 560 4735 622 4791; x_wconf 89' lang='lat' dir='ltr'><strong>ct</strong></span> <span class='ocrx_word' id='word_1_316' title='bbox 669 4730 1137 4809; x_wconf 83' lang='lat' dir='ltr'><strong>proportionata</strong></span> <span class='ocrx_word' id='word_1_317' title='bbox 1158 4775 1175 4803; x_wconf 89' lang='lat'><strong>,</strong></span> <span class='ocrx_word' id='word_1_318' title='bbox 1234 4747 1364 4791; x_wconf 90' lang='lat' dir='ltr'><strong>non</strong></span> <span class='ocrx_word' id='word_1_319' title='bbox 1415 4730 1560 4808; x_wconf 88' lang='lat' dir='ltr'><strong>quia</strong></span> <span class='ocrx_word' id='word_1_320' title='bbox 1611 4746 1690 4789; x_wconf 86' lang='lat' dir='ltr'><strong>ex</strong></span> 
     </span>
     <span class='ocr_line' id='line_1_48' title="bbox 125 4822 1691 4904; baseline 0 -21"><span class='ocrx_word' id='word_1_321' title='bbox 125 4829 310 4903; x_wconf 85' lang='lat' dir='ltr'><strong>pacto</strong></span> <span class='ocrx_word' id='word_1_322' title='bbox 349 4823 612 4902; x_wconf 89' lang='lat' dir='ltr'><strong>accipiat</strong></span> <span class='ocrx_word' id='word_1_323' title='bbox 659 4824 937 4885; x_wconf 81' lang='lat' dir='ltr'><strong>valorem</strong></span> <span class='ocrx_word' id='word_1_324' title='bbox 981 4824 1080 4884; x_wconf 83' lang='lat' dir='ltr'><strong>vel</strong></span> <span class='ocrx_word' id='word_1_325' title='bbox 1133 4823 1502 4904; x_wconf 86' lang='lat' dir='ltr'><strong>dignitatem</strong></span> <span class='ocrx_word' id='word_1_326' title='bbox 1520 4870 1534 4896; x_wconf 94' lang='lat'><strong>,</strong></span> <span class='ocrx_word' id='word_1_327' title='bbox 1577 4822 1691 4883; x_wconf 90' lang='lat' dir='ltr'><strong>sed</strong></span> 
     </span>
     <span class='ocr_line' id='line_1_49' title="bbox 129 4916 1687 4995; baseline 0 -20"><span class='ocrx_word' id='word_1_328' title='bbox 129 4916 272 4995; x_wconf 90' lang='lat' dir='ltr'><strong>quia</strong></span> <span class='ocrx_word' id='word_1_329' title='bbox 301 4932 380 4976; x_wconf 88' lang='lat' dir='ltr'><strong>ex</strong></span> <span class='ocrx_word' id='word_1_330' title='bbox 417 4922 600 4995; x_wconf 88' lang='lat' dir='ltr'><strong>pacto</strong></span> <span class='ocrx_word' id='word_1_331' title='bbox 645 4916 810 4978; x_wconf 86' lang='lat' dir='ltr'><strong>facta</strong></span> <span class='ocrx_word' id='word_1_332' title='bbox 853 4921 950 4977; x_wconf 82' lang='lat' dir='ltr'><strong>est</strong></span> <span class='ocrx_word' id='word_1_333' title='bbox 984 4934 1150 4978; x_wconf 83' lang='lat' dir='ltr'><strong>nova</strong></span> <span class='ocrx_word' id='word_1_334' title='bbox 1179 4916 1582 4978; x_wconf 86' lang='lat' dir='ltr'><strong>commutatio</strong></span> <span class='ocrx_word' id='word_1_335' title='bbox 1623 4916 1687 4975; x_wconf 83' lang='lat' dir='ltr'><strong>in</strong></span> 
     </span>
     <span class='ocr_line' id='line_1_50' title="bbox 127 5009 1689 5090; baseline -0.001 -20"><span class='ocrx_word' id='word_1_336' title='bbox 127 5009 388 5087; x_wconf 82' lang='lat' dir='ltr'><strong>aequale,</strong></span> <span class='ocrx_word' id='word_1_337' title='bbox 423 5028 562 5089; x_wconf 78' lang='lat' dir='ltr'><strong>quae</strong></span> <span class='ocrx_word' id='word_1_338' title='bbox 585 5009 720 5071; x_wconf 86' lang='lat' dir='ltr'><strong>fieri</strong></span> <span class='ocrx_word' id='word_1_339' title='bbox 745 5014 952 5088; x_wconf 89' lang='lat' dir='ltr'><strong>potest</strong></span> <span class='ocrx_word' id='word_1_340' title='bbox 980 5011 1114 5072; x_wconf 86' lang='lat' dir='ltr'><strong>sine</strong></span> <span class='ocrx_word' id='word_1_341' title='bbox 1138 5010 1392 5090; x_wconf 77' lang='lat' dir='ltr'><strong>justitiae</strong></span> <span class='ocrx_word' id='word_1_342' title='bbox 1423 5010 1689 5070; x_wconf 88' lang='lat' dir='ltr'><strong>diminu-</strong></span> 
     </span>
     <span class='ocr_line' id='line_1_51' title="bbox 128 5100 1690 5175; baseline -0.001 -12"><span class='ocrx_word' id='word_1_343' title='bbox 128 5102 318 5175; x_wconf 87' lang='lat' dir='ltr'><strong>tione,</strong></span> <span class='ocrx_word' id='word_1_344' title='bbox 351 5107 422 5163; x_wconf 91' lang='lat' dir='ltr'><strong>ut</strong></span> <span class='ocrx_word' id='word_1_345' title='bbox 447 5103 834 5164; x_wconf 87' lang='lat' dir='ltr'><strong>declaratum</strong></span> <span class='ocrx_word' id='word_1_346' title='bbox 865 5109 980 5165; x_wconf 87' lang='lat' dir='ltr'><strong>est.</strong></span> <span class='ocrx_word' id='word_1_347' title='bbox 1000 5104 1076 5165; x_wconf 90' lang='lat' dir='ltr'><strong>Et</strong></span> <span class='ocrx_word' id='word_1_348' title='bbox 1100 5104 1236 5164; x_wconf 81' lang='lat' dir='ltr'><strong>haec</strong></span> <span class='ocrx_word' id='word_1_349' title='bbox 1275 5102 1588 5163; x_wconf 86' lang='lat' dir='ltr'><strong>sufficiant</strong></span> <span class='ocrx_word' id='word_1_350' title='bbox 1610 5100 1690 5162; x_wconf 89' lang='lat' dir='ltr'><strong>de</strong></span> 
     </span>
     <span class='ocr_line' id='line_1_52' title="bbox 123 5195 847 5293; baseline 0 -38"><span class='ocrx_word' id='word_1_351' title='bbox 123 5196 358 5275; x_wconf 82' lang='lat' dir='ltr'><strong>justitia</strong></span> <span class='ocrx_word' id='word_1_352' title='bbox 375 5195 847 5293; x_wconf 37' lang='lat' dir='ltr'><strong>&#39;commutativtu</strong></span> 
     </span>
    </p>
   </div>
   <div class='ocr_carea' id='block_1_3' title="bbox 785 5436 1046 5460">
    <p class='ocr_par' dir='ltr' id='par_1_4' title="bbox 785 5436 1046 5460">
     <span class='ocr_line' id='line_1_53' title="bbox 785 5436 1046 5460; baseline -0.004 -8"><span class='ocrx_word' id='word_1_353' title='bbox 785 5436 1046 5460; x_wconf 45' lang='lat' dir='ltr'><strong>*Q*</strong></span> 
     </span>
    </p>
   </div>
   <div class='ocr_carea' id='block_1_4' title="bbox 3200 416 3321 480">
    <p class='ocr_par' dir='ltr' id='par_1_5' title="bbox 3200 416 3321 480">
     <span class='ocr_line' id='line_1_54' title="bbox 3200 416 3321 480; baseline -0.025 0"><span class='ocrx_word' id='word_1_354' title='bbox 3200 416 3321 480; x_wconf 70' lang='lat'><strong>549</strong></span> 
     </span>
    </p>
   </div>
   <div class='ocr_carea' id='block_1_5' title="bbox 2284 687 2785 742">
    <p class='ocr_par' dir='ltr' id='par_1_6' title="bbox 2284 687 2785 742">
     <span class='ocr_line' id='line_1_55' title="bbox 2284 687 2785 742; baseline 0.002 -1"><span class='ocrx_word' id='word_1_355' title='bbox 2284 687 2501 742; x_wconf 73' lang='lat' dir='ltr'><strong>SECTlo</strong></span> <span class='ocrx_word' id='word_1_356' title='bbox 2536 689 2785 742; x_wconf 78' lang='lat' dir='ltr'><strong>TERTIA.</strong></span> 
     </span>
    </p>
   </div>
   <div class='ocr_carea' id='block_1_6' title="bbox 1819 881 3253 924">
    <p class='ocr_par' dir='ltr' id='par_1_7' title="bbox 1819 881 3253 924">
     <span class='ocr_line' id='line_1_56' title="bbox 1819 881 3253 924; baseline 0.001 -2"><span class='ocrx_word' id='word_1_357' title='bbox 1819 884 1957 924; x_wconf 66' lang='lat' dir='ltr'><strong>stru:</strong></span> <span class='ocrx_word' id='word_1_358' title='bbox 1988 885 2037 922; x_wconf 70' lang='lat' dir='ltr'><strong>u«</strong></span> <span class='ocrx_word' id='word_1_359' title='bbox 2068 883 2166 922; x_wconf 70' lang='lat' dir='ltr'><strong>nto</strong></span> <span class='ocrx_word' id='word_1_360' title='bbox 2187 883 2319 921; x_wconf 72' lang='lat' dir='ltr'><strong>vsu</strong></span> <span class='ocrx_word' id='word_1_361' title='bbox 2346 883 2409 922; x_wconf 70' lang='lat' dir='ltr'><strong>AC</strong></span> <span class='ocrx_word' id='word_1_362' title='bbox 2436 883 2643 922; x_wconf 69' lang='lat' dir='ltr'><strong>nonu</strong></span> <span class='ocrx_word' id='word_1_363' title='bbox 2670 881 3007 923; x_wconf 57' lang='lat' dir='ltr'><strong>msrnwnva</strong></span> <span class='ocrx_word' id='word_1_364' title='bbox 3026 883 3253 924; x_wconf 68' lang='lat' dir='ltr'><strong>austun.</strong></span> 
     </span>
    </p>
   </div>
   <div class='ocr_carea' id='block_1_7' title="bbox 1755 1087 3355 5651">
    <p class='ocr_par' dir='ltr' id='par_1_8' title="bbox 1755 1087 3355 5539">
     <span class='ocr_line' id='line_1_57' title="bbox 1841 1087 3317 1168; baseline 0.003 -19"><span class='ocrx_word' id='word_1_365' title='bbox 1841 1091 1897 1149; x_wconf 92' lang='grc'><strong>1.</strong></span> <span class='ocrx_word' id='word_1_366' title='bbox 1946 1087 2169 1150; x_wconf 72' lang='lat' dir='ltr'><strong>Prima</strong></span> <span class='ocrx_word' id='word_1_367' title='bbox 2197 1087 2711 1152; x_wconf 56' lang='lat' dir='ltr'><strong>asserum—Haec</strong></span> <span class='ocrx_word' id='word_1_368' title='bbox 2732 1093 2827 1152; x_wconf 87' lang='lat' dir='ltr'><strong>est</strong></span> <span class='ocrx_word' id='word_1_369' title='bbox 2848 1090 3043 1152; x_wconf 86' lang='lat' dir='ltr'><strong>altera</strong></span> <span class='ocrx_word' id='word_1_370' title='bbox 3076 1091 3317 1168; x_wconf 82' lang='lat' dir='ltr'><strong>species</strong></span> 
     </span>
     <span class='ocr_line' id='line_1_58' title="bbox 1756 1181 3323 1262; baseline 0.001 -20"><span class='ocrx_word' id='word_1_371' title='bbox 1756 1181 2148 1261; x_wconf 88' lang='lat' dir='ltr'><strong>particularis</strong></span> <span class='ocrx_word' id='word_1_372' title='bbox 2170 1181 2451 1260; x_wconf 69' lang='lat' dir='ltr'><strong>justitiae,</strong></span> <span class='ocrx_word' id='word_1_373' title='bbox 2478 1183 2541 1242; x_wconf 91' lang='lat' dir='ltr'><strong>in</strong></span> <span class='ocrx_word' id='word_1_374' title='bbox 2574 1199 2697 1262; x_wconf 87' lang='lat' dir='ltr'><strong>qua</strong></span> <span class='ocrx_word' id='word_1_375' title='bbox 2740 1182 3109 1260; x_wconf 84' lang='lat' dir='ltr'><strong>explicanda</strong></span> <span class='ocrx_word' id='word_1_376' title='bbox 3150 1201 3323 1244; x_wconf 89' lang='lat' dir='ltr'><strong>eam·-</strong></span> 
     </span>
     <span class='ocr_line' id='line_1_59' title="bbox 1757 1273 3323 1356; baseline 0.003 -20"><span class='ocrx_word' id='word_1_377' title='bbox 1757 1276 1904 1337; x_wconf 91' lang='lat' dir='ltr'><strong>dem</strong></span> <span class='ocrx_word' id='word_1_378' title='bbox 1958 1273 2207 1336; x_wconf 90' lang='lat' dir='ltr'><strong>dicendi</strong></span> <span class='ocrx_word' id='word_1_379' title='bbox 2268 1276 2574 1336; x_wconf 89' lang='lat' dir='ltr'><strong>rationem</strong></span> <span class='ocrx_word' id='word_1_380' title='bbox 2636 1276 3025 1338; x_wconf 79' lang='lat' dir='ltr'><strong>servabimus</strong></span> <span class='ocrx_word' id='word_1_381' title='bbox 3077 1295 3092 1337; x_wconf 88' lang='lat'>:</span> <span class='ocrx_word' id='word_1_382' title='bbox 3149 1278 3323 1356; x_wconf 88' lang='lat' dir='ltr'><strong>prius</strong></span> 
     </span>
     <span class='ocr_line' id='line_1_60' title="bbox 1757 1369 3320 1448; baseline 0.001 -17"><span class='ocrx_word' id='word_1_383' title='bbox 1757 1369 1924 1432; x_wconf 89' lang='lat' dir='ltr'><strong>enim</strong></span> <span class='ocrx_word' id='word_1_384' title='bbox 1955 1369 2035 1430; x_wconf 92' lang='lat' dir='ltr'><strong>de</strong></span> <span class='ocrx_word' id='word_1_385' title='bbox 2071 1369 2453 1448; x_wconf 86' lang='lat' dir='ltr'><strong>perfectione</strong></span> <span class='ocrx_word' id='word_1_386' title='bbox 2496 1369 2661 1430; x_wconf 89' lang='lat' dir='ltr'><strong>illius</strong></span> <span class='ocrx_word' id='word_1_387' title='bbox 2700 1369 3047 1432; x_wconf 89' lang='lat' dir='ltr'><strong>secundum</strong></span> <span class='ocrx_word' id='word_1_388' title='bbox 3092 1389 3183 1444; x_wconf 90' lang='lat' dir='ltr'><strong>se,</strong></span> <span class='ocrx_word' id='word_1_389' title='bbox 3216 1371 3320 1432; x_wconf 87' lang='lat' dir='ltr'><strong>de·</strong></span> 
     </span>
     <span class='ocr_line' id='line_1_61' title="bbox 1755 1462 3321 1542; baseline 0.001 -18"><span class='ocrx_word' id='word_1_390' title='bbox 1755 1462 1902 1524; x_wconf 87' lang='lat' dir='ltr'><strong>inde</strong></span> <span class='ocrx_word' id='word_1_391' title='bbox 1940 1467 2127 1542; x_wconf 90' lang='lat' dir='ltr'><strong>prout</strong></span> <span class='ocrx_word' id='word_1_392' title='bbox 2168 1462 2233 1523; x_wconf 91' lang='lat' dir='ltr'><strong>in</strong></span> <span class='ocrx_word' id='word_1_393' title='bbox 2278 1463 2409 1524; x_wconf 91' lang='lat' dir='ltr'><strong>Deo</strong></span> <span class='ocrx_word' id='word_1_394' title='bbox 2468 1464 2797 1542; x_wconf 86' lang='lat' dir='ltr'><strong>reperitur,</strong></span> <span class='ocrx_word' id='word_1_395' title='bbox 2841 1463 3144 1526; x_wconf 84' lang='lat' dir='ltr'><strong>dicemus.</strong></span> <span class='ocrx_word' id='word_1_396' title='bbox 3186 1465 3321 1528; x_wconf 87' lang='lat' dir='ltr'><strong>Pri·</strong></span> 
     </span>
     <span class='ocr_line' id='line_1_62' title="bbox 1757 1555 3321 1638; baseline 0.001 -21"><span class='ocrx_word' id='word_1_397' title='bbox 1757 1575 1933 1617; x_wconf 91' lang='lat' dir='ltr'><strong>mum</strong></span> <span class='ocrx_word' id='word_1_398' title='bbox 1969 1557 2156 1638; x_wconf 87' lang='lat' dir='ltr'><strong>igitur</strong></span> <span class='ocrx_word' id='word_1_399' title='bbox 2200 1555 2537 1619; x_wconf 90' lang='lat' dir='ltr'><strong>dicendum</strong></span> <span class='ocrx_word' id='word_1_400' title='bbox 2590 1563 2716 1629; x_wconf 87' lang='lat' dir='ltr'><strong>est,</strong></span> <span class='ocrx_word' id='word_1_401' title='bbox 2762 1557 2825 1618; x_wconf 88' lang='lat' dir='ltr'><strong>in</strong></span> <span class='ocrx_word' id='word_1_402' title='bbox 2864 1564 3173 1636; x_wconf 88' lang='lat' dir='ltr'><strong>conceptu</strong></span> <span class='ocrx_word' id='word_1_403' title='bbox 3200 1558 3321 1620; x_wconf 91' lang='lat' dir='ltr'><strong>for-</strong></span> 
     </span>
     <span class='ocr_line' id='line_1_63' title="bbox 1757 1650 3323 1731; baseline 0.001 -18"><span class='ocrx_word' id='word_1_404' title='bbox 1757 1650 1906 1713; x_wconf 89' lang='lat' dir='ltr'><strong>mali</strong></span> <span class='ocrx_word' id='word_1_405' title='bbox 1932 1651 2187 1731; x_wconf 78' lang='lat' dir='ltr'><strong>justitiae</strong></span> <span class='ocrx_word' id='word_1_406' title='bbox 2221 1651 2625 1713; x_wconf 65' lang='lat' dir='ltr'><strong>distributiva</strong></span> <span class='ocrx_word' id='word_1_407' title='bbox 2668 1656 2740 1712; x_wconf 91' lang='lat' dir='ltr'><strong>ut</strong></span> <span class='ocrx_word' id='word_1_408' title='bbox 2785 1651 2907 1726; x_wconf 90' lang='lat' dir='ltr'><strong>sic,</strong></span> <span class='ocrx_word' id='word_1_409' title='bbox 2961 1651 3199 1714; x_wconf 86' lang='lat' dir='ltr'><strong>nullam</strong></span> <span class='ocrx_word' id='word_1_410' title='bbox 3226 1653 3323 1714; x_wconf 90' lang='lat' dir='ltr'><strong>in·-</strong></span> 
     </span>
     <span class='ocr_line' id='line_1_64' title="bbox 1761 1744 3321 1825; baseline 0.001 -18"><span class='ocrx_word' id='word_1_411' title='bbox 1761 1745 1929 1807; x_wconf 88' lang='lat' dir='ltr'><strong>cludi</strong></span> <span class='ocrx_word' id='word_1_412' title='bbox 1958 1745 2517 1824; x_wconf 80' lang='lat' dir='ltr'><strong>imperfectionem,</strong></span> <span class='ocrx_word' id='word_1_413' title='bbox 2552 1744 2668 1806; x_wconf 87' lang='lat' dir='ltr'><strong>sed</strong></span> <span class='ocrx_word' id='word_1_414' title='bbox 2694 1745 2901 1807; x_wconf 90' lang='lat' dir='ltr'><strong>dicere</strong></span> <span class='ocrx_word' id='word_1_415' title='bbox 2938 1765 3015 1807; x_wconf 87' lang='lat' dir='ltr'><strong>ex</strong></span> <span class='ocrx_word' id='word_1_416' title='bbox 3062 1765 3129 1809; x_wconf 87' lang='lat' dir='ltr'><strong>se</strong></span> <span class='ocrx_word' id='word_1_417' title='bbox 3180 1763 3321 1825; x_wconf 88' lang='lat' dir='ltr'><strong>per·</strong></span> 
     </span>
     <span class='ocr_line' id='line_1_65' title="bbox 1757 1838 3321 1918; baseline 0.001 -19"><span class='ocrx_word' id='word_1_418' title='bbox 1757 1838 2091 1900; x_wconf 81' lang='lat' dir='ltr'><strong>factionem</strong></span> <span class='ocrx_word' id='word_1_419' title='bbox 2136 1838 2498 1918; x_wconf 76' lang='lat' dir='ltr'><strong>simpliciter</strong></span> <span class='ocrx_word' id='word_1_420' title='bbox 2546 1838 2913 1918; x_wconf 87' lang='lat' dir='ltr'><strong>simplicem.</strong></span> <span class='ocrx_word' id='word_1_421' title='bbox 2946 1839 3121 1902; x_wconf 84' lang='lat' dir='ltr'><strong>Hanc</strong></span> <span class='ocrx_word' id='word_1_422' title='bbox 3172 1858 3321 1902; x_wconf 90' lang='lat' dir='ltr'><strong>con·</strong></span> 
     </span>
     <span class='ocr_line' id='line_1_66' title="bbox 1759 1930 3323 2005; baseline 0.001 -13"><span class='ocrx_word' id='word_1_423' title='bbox 1759 1931 2105 1993; x_wconf 85' lang='lat' dir='ltr'><strong>elusionem</strong></span> <span class='ocrx_word' id='word_1_424' title='bbox 2156 1930 2485 1992; x_wconf 87' lang='lat' dir='ltr'><strong>ostendam</strong></span> <span class='ocrx_word' id='word_1_425' title='bbox 2530 1930 2691 1992; x_wconf 88' lang='lat' dir='ltr'><strong>infra</strong></span> <span class='ocrx_word' id='word_1_426' title='bbox 2724 1933 3126 2005; x_wconf 82' lang='lat' dir='ltr'><strong>auctoritate;</strong></span> <span class='ocrx_word' id='word_1_427' title='bbox 3154 1951 3323 1994; x_wconf 85' lang='lat' dir='ltr'><strong>nunc</strong></span> 
     </span>
     <span class='ocr_line' id='line_1_67' title="bbox 1757 2023 3319 2104; baseline 0 -18"><span class='ocrx_word' id='word_1_428' title='bbox 1757 2027 2001 2087; x_wconf 86' lang='lat' dir='ltr'><strong>ratione</strong></span> <span class='ocrx_word' id='word_1_429' title='bbox 2044 2023 2423 2086; x_wconf 83' lang='lat' dir='ltr'><strong>declaranda</strong></span> <span class='ocrx_word' id='word_1_430' title='bbox 2468 2031 2583 2086; x_wconf 87' lang='lat' dir='ltr'><strong>est.</strong></span> <span class='ocrx_word' id='word_1_431' title='bbox 2620 2023 2799 2096; x_wconf 90' lang='lat' dir='ltr'><strong>Quod</strong></span> <span class='ocrx_word' id='word_1_432' title='bbox 2828 2025 3157 2104; x_wconf 90' lang='lat' dir='ltr'><strong>dupliciter</strong></span> <span class='ocrx_word' id='word_1_433' title='bbox 3182 2023 3319 2086; x_wconf 85' lang='lat' dir='ltr'><strong>fieri</strong></span> 
     </span>
     <span class='ocr_line' id='line_1_68' title="bbox 1759 2115 3321 2200; baseline 0 -20"><span class='ocrx_word' id='word_1_434' title='bbox 1759 2122 1965 2200; x_wconf 89' lang='lat' dir='ltr'><strong>potest</strong></span> <span class='ocrx_word' id='word_1_435' title='bbox 1996 2117 2247 2198; x_wconf 84' lang='lat' dir='ltr'><strong>:primo</strong></span> <span class='ocrx_word' id='word_1_436' title='bbox 2270 2163 2287 2191; x_wconf 89' lang='lat'>‚</span> <span class='ocrx_word' id='word_1_437' title='bbox 2340 2117 2731 2180; x_wconf 87' lang='lat' dir='ltr'><strong>excludendo</strong></span> <span class='ocrx_word' id='word_1_438' title='bbox 2783 2115 3287 2195; x_wconf 73' lang='lat' dir='ltr'><strong>imperfectiones</strong></span> <span class='ocrx_word' id='word_1_439' title='bbox 3306 2163 3321 2192; x_wconf 95' lang='lat'><strong>,</strong></span> 
     </span>
     <span class='ocr_line' id='line_1_69' title="bbox 1759 2211 3322 2292; baseline 0 -18"><span class='ocrx_word' id='word_1_440' title='bbox 1759 2231 1898 2292; x_wconf 80' lang='lat' dir='ltr'><strong>quae</strong></span> <span class='ocrx_word' id='word_1_441' title='bbox 1938 2212 2021 2274; x_wconf 87' lang='lat' dir='ltr'><strong>ab</strong></span> <span class='ocrx_word' id='word_1_442' title='bbox 2056 2211 2269 2290; x_wconf 87' lang='lat' dir='ltr'><strong>aliquo</strong></span> <span class='ocrx_word' id='word_1_443' title='bbox 2308 2212 2643 2292; x_wconf 86' lang='lat' dir='ltr'><strong>excogitari</strong></span> <span class='ocrx_word' id='word_1_444' title='bbox 2674 2217 2965 2290; x_wconf 88' lang='lat' dir='ltr'><strong>possent;</strong></span> <span class='ocrx_word' id='word_1_445' title='bbox 3012 2211 3322 2289; x_wconf 90' lang='lat' dir='ltr'><strong>secundo,</strong></span> 
     </span>
     <span class='ocr_line' id='line_1_70' title="bbox 1757 2304 3323 2386; baseline -0.002 -17"><span class='ocrx_word' id='word_1_446' title='bbox 1757 2306 1993 2369; x_wconf 85' lang='lat' dir='ltr'><strong>directe</strong></span> <span class='ocrx_word' id='word_1_447' title='bbox 2036 2304 2413 2367; x_wconf 88' lang='lat' dir='ltr'><strong>declarando</strong></span> <span class='ocrx_word' id='word_1_448' title='bbox 2453 2305 2771 2385; x_wconf 88' lang='lat' dir='ltr'><strong>propriam</strong></span> <span class='ocrx_word' id='word_1_449' title='bbox 2804 2306 3113 2366; x_wconf 89' lang='lat' dir='ltr'><strong>rationem</strong></span> <span class='ocrx_word' id='word_1_450' title='bbox 3140 2306 3323 2386; x_wconf 87' lang='lat' dir='ltr'><strong>justi-</strong></span> 
     </span>
     <span class='ocr_line' id='line_1_71' title="bbox 1757 2397 3355 2478; baseline -0.001 -18"><span class='ocrx_word' id='word_1_451' title='bbox 1757 2401 1857 2460; x_wconf 78' lang='lat' dir='ltr'><strong>tiae</strong></span> <span class='ocrx_word' id='word_1_452' title='bbox 1882 2397 2310 2461; x_wconf 73' lang='lat' dir='ltr'><strong>distributivae.</strong></span> <span class='ocrx_word' id='word_1_453' title='bbox 2344 2398 2519 2460; x_wconf 89' lang='lat' dir='ltr'><strong>Prius</strong></span> <span class='ocrx_word' id='word_1_454' title='bbox 2568 2417 2718 2460; x_wconf 85' lang='lat' dir='ltr'><strong>vero</strong></span> <span class='ocrx_word' id='word_1_455' title='bbox 2760 2403 3009 2478; x_wconf 85' lang='lat' dir='ltr'><strong>oportet</strong></span> <span class='ocrx_word' id='word_1_456' title='bbox 3054 2399 3355 2477; x_wconf 79' lang='lat' dir='ltr'><strong>supponi‘</strong></span> 
     </span>
     <span class='ocr_line' id='line_1_72' title="bbox 1759 2491 3320 2570; baseline -0.001 -18"><span class='ocrx_word' id='word_1_457' title='bbox 1759 2491 1846 2565; x_wconf 91' lang='lat' dir='ltr'><strong>id,</strong></span> <span class='ocrx_word' id='word_1_458' title='bbox 1875 2491 2047 2570; x_wconf 87' lang='lat' dir='ltr'><strong>quod</strong></span> <span class='ocrx_word' id='word_1_459' title='bbox 2098 2492 2176 2554; x_wconf 91' lang='lat' dir='ltr'><strong>de</strong></span> <span class='ocrx_word' id='word_1_460' title='bbox 2224 2491 2343 2552; x_wconf 90' lang='lat' dir='ltr'><strong>hac</strong></span> <span class='ocrx_word' id='word_1_461' title='bbox 2382 2491 2621 2570; x_wconf 84' lang='lat' dir='ltr'><strong>justitia</strong></span> <span class='ocrx_word' id='word_1_462' title='bbox 2661 2491 2891 2552; x_wconf 87' lang='lat' dir='ltr'><strong>docent</strong></span> <span class='ocrx_word' id='word_1_463' title='bbox 2936 2491 3320 2563; x_wconf 77' lang='lat' dir='ltr'><strong>Aristotelea,</strong></span> 
     </span>
     <span class='ocr_line' id='line_1_73' title="bbox 1759 2585 3321 2664; baseline 0 -19"><span class='ocrx_word' id='word_1_464' title='bbox 1759 2585 1868 2645; x_wconf 91' lang='lat' dir='ltr'><strong>lib.</strong></span> <span class='ocrx_word' id='word_1_465' title='bbox 1917 2587 1943 2645; x_wconf 88' lang='grc'><strong>1</strong></span> <span class='ocrx_word' id='word_1_466' title='bbox 1990 2585 2217 2656; x_wconf 70' lang='grc' dir='ltr'>Εῒὴίο.,</span> <span class='ocrx_word' id='word_1_467' title='bbox 2264 2603 2405 2664; x_wconf 84' lang='lat' dir='ltr'><strong>cap.</strong></span> <span class='ocrx_word' id='word_1_468' title='bbox 2444 2586 2483 2645; x_wconf 76' lang='lat'><em>2</em></span> <span class='ocrx_word' id='word_1_469' title='bbox 2512 2589 2575 2646; x_wconf 89' lang='lat' dir='ltr'><strong>et</strong></span> <span class='ocrx_word' id='word_1_470' title='bbox 2606 2586 2677 2656; x_wconf 74' lang='lat'><strong>33</strong></span> <span class='ocrx_word' id='word_1_471' title='bbox 2726 2585 2798 2646; x_wconf 89' lang='lat' dir='ltr'><strong>D.</strong></span> <span class='ocrx_word' id='word_1_472' title='bbox 2841 2585 3135 2661; x_wconf 87' lang='lat' dir='ltr'><strong>Thomas,</strong></span> <span class='ocrx_word' id='word_1_473' title='bbox 3168 2586 3226 2646; x_wconf 77' lang='lat'><strong>2.</strong></span> <span class='ocrx_word' id='word_1_474' title='bbox 3258 2587 3321 2658; x_wconf 74' lang='lat'><strong>2,</strong></span> 
     </span>
     <span class='ocr_line' id='line_1_74' title="bbox 1761 2677 3323 2758; baseline -0.001 -18"><span class='ocrx_word' id='word_1_475' title='bbox 1761 2684 1978 2758; x_wconf 81' lang='lat' dir='ltr'><strong>quaest.</strong></span> <span class='ocrx_word' id='word_1_476' title='bbox 2008 2680 2112 2750; x_wconf 83' lang='grc'><strong>61,</strong></span> <span class='ocrx_word' id='word_1_477' title='bbox 2144 2679 2317 2741; x_wconf 90' lang='lat' dir='ltr'><strong>artic.</strong></span> <span class='ocrx_word' id='word_1_478' title='bbox 2353 2682 2392 2742; x_wconf 77' lang='lat'><strong>2</strong></span> <span class='ocrx_word' id='word_1_479' title='bbox 2407 2726 2428 2757; x_wconf 89' lang='lat'><em>‚</em></span> <span class='ocrx_word' id='word_1_480' title='bbox 2462 2685 2524 2742; x_wconf 90' lang='lat' dir='ltr'><strong>et</strong></span> <span class='ocrx_word' id='word_1_481' title='bbox 2558 2678 2663 2740; x_wconf 87' lang='lat' dir='ltr'><strong>alii</strong></span> <span class='ocrx_word' id='word_1_482' title='bbox 2692 2679 3129 2750; x_wconf 87' lang='lat' dir='ltr'><strong>communiter,</strong></span> <span class='ocrx_word' id='word_1_483' title='bbox 3164 2677 3323 2740; x_wconf 89' lang='lat' dir='ltr'><strong>scili-</strong></span> 
     </span>
     <span class='ocr_line' id='line_1_75' title="bbox 1762 2773 3321 2860; baseline -0.001 -25"><span class='ocrx_word' id='word_1_484' title='bbox 1762 2779 1884 2847; x_wconf 90' lang='lat' dir='ltr'><strong>cet,</strong></span> <span class='ocrx_word' id='word_1_485' title='bbox 1913 2791 2147 2834; x_wconf 89' lang='lat' dir='ltr'><strong>munus</strong></span> <span class='ocrx_word' id='word_1_486' title='bbox 2166 2774 2418 2852; x_wconf 82' lang='lat' dir='ltr'><strong>justitiae</strong></span> <span class='ocrx_word' id='word_1_487' title='bbox 2464 2773 2867 2837; x_wconf 65' lang='lat' dir='ltr'><strong>distributivae</strong></span> <span class='ocrx_word' id='word_1_488' title='bbox 2898 2791 3037 2834; x_wconf 90' lang='lat' dir='ltr'><strong>esse</strong></span> <span class='ocrx_word' id='word_1_489' title='bbox 3064 2790 3321 2860; x_wconf 28' lang='lat' dir='ltr'><strong>geom-e·</strong></span> 
     </span>
     <span class='ocr_line' id='line_1_76' title="bbox 1757 2864 3325 2947; baseline -0.001 -19"><span class='ocrx_word' id='word_1_490' title='bbox 1757 2869 1983 2928; x_wconf 84' lang='lat' dir='ltr'><strong>tricam</strong></span> <span class='ocrx_word' id='word_1_491' title='bbox 2020 2867 2439 2947; x_wconf 80' lang='lat' dir='ltr'><strong>aequalitatem</strong></span> <span class='ocrx_word' id='word_1_492' title='bbox 2466 2867 2629 2928; x_wconf 87' lang='lat' dir='ltr'><strong>inter</strong></span> <span class='ocrx_word' id='word_1_493' title='bbox 2664 2864 2895 2927; x_wconf 84' lang='lat' dir='ltr'><strong>multos</strong></span> <span class='ocrx_word' id='word_1_494' title='bbox 2944 2866 3325 2927; x_wconf 82' lang='lat' dir='ltr'><strong>constituere</strong></span> 
     </span>
     <span class='ocr_line' id='line_1_77' title="bbox 1761 2958 3327 3040; baseline -0.002 -19"><span class='ocrx_word' id='word_1_495' title='bbox 1761 2961 1826 3022; x_wconf 91' lang='lat' dir='ltr'><strong>in</strong></span> <span class='ocrx_word' id='word_1_496' title='bbox 1853 2961 1997 3040; x_wconf 89' lang='lat' dir='ltr'><strong>jure</strong></span> <span class='ocrx_word' id='word_1_497' title='bbox 2022 2961 2113 3022; x_wconf 89' lang='lat' dir='ltr'><strong>eis</strong></span> <span class='ocrx_word' id='word_1_498' title='bbox 2141 2960 2485 3031; x_wconf 87' lang='lat' dir='ltr'><strong>reddend0‚</strong></span> <span class='ocrx_word' id='word_1_499' title='bbox 2514 2977 2626 3022; x_wconf 90' lang='lat' dir='ltr'><strong>seu</strong></span> <span class='ocrx_word' id='word_1_500' title='bbox 2652 2959 2715 3019; x_wconf 88' lang='lat' dir='ltr'><strong>in</strong></span> <span class='ocrx_word' id='word_1_501' title='bbox 2744 2958 3187 3020; x_wconf 87' lang='lat' dir='ltr'><strong>distribuendis</strong></span> <span class='ocrx_word' id='word_1_502' title='bbox 3210 2958 3327 3019; x_wconf 90' lang='lat' dir='ltr'><strong>ho-</strong></span> 
     </span>
     <span class='ocr_line' id='line_1_78' title="bbox 1764 3051 3327 3126; baseline -0.001 -10"><span class='ocrx_word' id='word_1_503' title='bbox 1764 3055 1864 3117; x_wconf 90' lang='lat' dir='ltr'><strong>nis</strong></span> <span class='ocrx_word' id='word_1_504' title='bbox 1891 3053 2331 3117; x_wconf 88' lang='lat' dir='ltr'><strong>communibus</strong></span> <span class='ocrx_word' id='word_1_505' title='bbox 2365 3054 2529 3115; x_wconf 87' lang='lat' dir='ltr'><strong>inter</strong></span> <span class='ocrx_word' id='word_1_506' title='bbox 2565 3052 2725 3115; x_wconf 87' lang='lat' dir='ltr'><strong>illos.</strong></span> <span class='ocrx_word' id='word_1_507' title='bbox 2778 3051 2911 3125; x_wconf 87' lang='lat' dir='ltr'><strong>Ouo</strong></span> <span class='ocrx_word' id='word_1_508' title='bbox 2962 3051 3079 3126; x_wconf 86' lang='lat' dir='ltr'><strong>fit,</strong></span> <span class='ocrx_word' id='word_1_509' title='bbox 3134 3057 3204 3114; x_wconf 92' lang='lat' dir='ltr'><strong>ut</strong></span> <span class='ocrx_word' id='word_1_510' title='bbox 3245 3051 3327 3115; x_wconf 86' lang='lat' dir='ltr'><strong>ad</strong></span> 
     </span>
     <span class='ocr_line' id='line_1_79' title="bbox 1762 3145 3329 3229; baseline -0.003 -19"><span class='ocrx_word' id='word_1_511' title='bbox 1762 3149 1975 3229; x_wconf 89' lang='lat' dir='ltr'><strong>plures</strong></span> <span class='ocrx_word' id='word_1_512' title='bbox 1999 3166 2323 3228; x_wconf 83' lang='lat' dir='ltr'><strong>personas,</strong></span> <span class='ocrx_word' id='word_1_513' title='bbox 2344 3145 2422 3207; x_wconf 92' lang='lat' dir='ltr'><strong>ad</strong></span> <span class='ocrx_word' id='word_1_514' title='bbox 2440 3146 2767 3207; x_wconf 89' lang='lat' dir='ltr'><strong>minimum</strong></span> <span class='ocrx_word' id='word_1_515' title='bbox 2789 3146 2969 3218; x_wconf 89' lang='lat' dir='ltr'><strong>duas,</strong></span> <span class='ocrx_word' id='word_1_516' title='bbox 2990 3152 3050 3207; x_wconf 89' lang='lat' dir='ltr'><strong>et</strong></span> <span class='ocrx_word' id='word_1_517' title='bbox 3066 3145 3329 3207; x_wconf 89' lang='lat' dir='ltr'><strong>totidem</strong></span> 
     </span>
     <span class='ocr_line' id='line_1_80' title="bbox 1757 3239 3328 3323; baseline -0.002 -21"><span class='ocrx_word' id='word_1_518' title='bbox 1757 3243 1927 3323; x_wconf 85' lang='lat' dir='ltr'><strong>jura,</strong></span> <span class='ocrx_word' id='word_1_519' title='bbox 1982 3260 2097 3303; x_wconf 91' lang='lat' dir='ltr'><strong>seu</strong></span> <span class='ocrx_word' id='word_1_520' title='bbox 2130 3259 2234 3302; x_wconf 88' lang='lat' dir='ltr'><strong>res</strong></span> <span class='ocrx_word' id='word_1_521' title='bbox 2280 3240 2399 3301; x_wconf 91' lang='lat' dir='ltr'><strong>illis</strong></span> <span class='ocrx_word' id='word_1_522' title='bbox 2438 3239 2793 3303; x_wconf 89' lang='lat' dir='ltr'><strong>reddendas</strong></span> <span class='ocrx_word' id='word_1_523' title='bbox 2844 3240 3135 3318; x_wconf 88' lang='lat' dir='ltr'><strong>respiciat</strong></span> <span class='ocrx_word' id='word_1_524' title='bbox 3184 3256 3328 3299; x_wconf 90' lang='lat' dir='ltr'><strong>cum</strong></span> 
     </span>
     <span class='ocr_line' id='line_1_81' title="bbox 1763 3331 3328 3415; baseline -0.003 -20"><span class='ocrx_word' id='word_1_525' title='bbox 1763 3334 2369 3415; x_wconf 82' lang='lat' dir='ltr'><strong>proportionalitate,</strong></span> <span class='ocrx_word' id='word_1_526' title='bbox 2410 3350 2525 3395; x_wconf 91' lang='lat' dir='ltr'><strong>seu</strong></span> <span class='ocrx_word' id='word_1_527' title='bbox 2552 3331 2954 3411; x_wconf 88' lang='lat' dir='ltr'><strong>proportione</strong></span> <span class='ocrx_word' id='word_1_528' title='bbox 2978 3332 3328 3411; x_wconf 89' lang='lat' dir='ltr'><strong>proportio-</strong></span> 
     </span>
     <span class='ocr_line' id='line_1_82' title="bbox 1761 3424 3329 3506; baseline -0.002 -18"><span class='ocrx_word' id='word_1_529' title='bbox 1761 3446 1939 3500; x_wconf 90' lang='lat' dir='ltr'><strong>num,</strong></span> <span class='ocrx_word' id='word_1_530' title='bbox 1972 3427 2035 3488; x_wconf 91' lang='lat' dir='ltr'><strong>id</strong></span> <span class='ocrx_word' id='word_1_531' title='bbox 2066 3433 2183 3501; x_wconf 88' lang='lat' dir='ltr'><strong>est,</strong></span> <span class='ocrx_word' id='word_1_532' title='bbox 2212 3426 2383 3506; x_wconf 84' lang='lat' dir='ltr'><strong>quod</strong></span> <span class='ocrx_word' id='word_1_533' title='bbox 2413 3426 2570 3488; x_wconf 88' lang='lat' dir='ltr'><strong>sicut</strong></span> <span class='ocrx_word' id='word_1_534' title='bbox 2600 3443 2667 3487; x_wconf 90' lang='lat' dir='ltr'><strong>se</strong></span> <span class='ocrx_word' id='word_1_535' title='bbox 2696 3425 2891 3487; x_wconf 87' lang='lat' dir='ltr'><strong>babet</strong></span> <span class='ocrx_word' id='word_1_536' title='bbox 2923 3442 3194 3505; x_wconf 85' lang='lat' dir='ltr'><strong>persona</strong></span> <span class='ocrx_word' id='word_1_537' title='bbox 3246 3424 3329 3485; x_wconf 90' lang='lat' dir='ltr'><strong>ad</strong></span> 
     </span>
     <span class='ocr_line' id='line_1_83' title="bbox 1761 3516 3330 3600; baseline -0.004 -17"><span class='ocrx_word' id='word_1_538' title='bbox 1761 3537 2099 3600; x_wconf 90' lang='lat' dir='ltr'><strong>personam</strong></span> <span class='ocrx_word' id='word_1_539' title='bbox 2126 3518 2190 3581; x_wconf 91' lang='lat' dir='ltr'><strong>in</strong></span> <span class='ocrx_word' id='word_1_540' title='bbox 2220 3520 2468 3593; x_wconf 91' lang='lat' dir='ltr'><strong>merito,</strong></span> <span class='ocrx_word' id='word_1_541' title='bbox 2500 3536 2613 3579; x_wconf 88' lang='lat' dir='ltr'><strong>seu</strong></span> <span class='ocrx_word' id='word_1_542' title='bbox 2642 3518 2763 3578; x_wconf 88' lang='lat' dir='ltr'><strong>alio</strong></span> <span class='ocrx_word' id='word_1_543' title='bbox 2793 3518 2937 3596; x_wconf 84' lang='lat' dir='ltr'><strong>jure</strong></span> <span class='ocrx_word' id='word_1_544' title='bbox 2978 3522 3087 3578; x_wconf 88' lang='lat' dir='ltr'><strong>aut</strong></span> <span class='ocrx_word' id='word_1_545' title='bbox 3126 3516 3330 3597; x_wconf 89' lang='lat' dir='ltr'><strong>digni-</strong></span> 
     </span>
     <span class='ocr_line' id='line_1_84' title="bbox 1759 3611 3329 3693; baseline -0.003 -18"><span class='ocrx_word' id='word_1_546' title='bbox 1759 3618 1912 3687; x_wconf 88' lang='lat' dir='ltr'><strong>tate,</strong></span> <span class='ocrx_word' id='word_1_547' title='bbox 1942 3614 2029 3674; x_wconf 86' lang='lat' dir='ltr'><strong>ita</strong></span> <span class='ocrx_word' id='word_1_548' title='bbox 2058 3632 2125 3675; x_wconf 89' lang='lat' dir='ltr'><strong>se</strong></span> <span class='ocrx_word' id='word_1_549' title='bbox 2146 3614 2379 3676; x_wconf 88' lang='lat' dir='ltr'><strong>habeat</strong></span> <span class='ocrx_word' id='word_1_550' title='bbox 2404 3612 2753 3693; x_wconf 82' lang='lat' dir='ltr'><strong>praemium,</strong></span> <span class='ocrx_word' id='word_1_551' title='bbox 2779 3628 2893 3673; x_wconf 89' lang='lat' dir='ltr'><strong>seu</strong></span> <span class='ocrx_word' id='word_1_552' title='bbox 2917 3629 3021 3673; x_wconf 87' lang='lat' dir='ltr'><strong>res</strong></span> <span class='ocrx_word' id='word_1_553' title='bbox 3046 3611 3157 3671; x_wconf 90' lang='lat' dir='ltr'><strong>uui</strong></span> <span class='ocrx_word' id='word_1_554' title='bbox 3185 3629 3329 3671; x_wconf 89' lang='lat' dir='ltr'><strong>con·</strong></span> 
     </span>
     <span class='ocr_line' id='line_1_85' title="bbox 1761 3704 3331 3780; baseline -0.003 -12"><span class='ocrx_word' id='word_1_555' title='bbox 1761 3706 2045 3780; x_wconf 88' lang='lat' dir='ltr'><strong>ferenda,</strong></span> <span class='ocrx_word' id='word_1_556' title='bbox 2078 3706 2161 3767; x_wconf 89' lang='lat' dir='ltr'><strong>ad</strong></span> <span class='ocrx_word' id='word_1_557' title='bbox 2186 3724 2323 3767; x_wconf 89' lang='lat' dir='ltr'><strong>rem</strong></span> <span class='ocrx_word' id='word_1_558' title='bbox 2352 3706 2625 3768; x_wconf 89' lang='lat' dir='ltr'><strong>dandam</strong></span> <span class='ocrx_word' id='word_1_559' title='bbox 2668 3705 2890 3776; x_wconf 85' lang='lat' dir='ltr'><strong>alteri,</strong></span> <span class='ocrx_word' id='word_1_560' title='bbox 2926 3710 2989 3766; x_wconf 89' lang='lat' dir='ltr'><strong>et</strong></span> <span class='ocrx_word' id='word_1_561' title='bbox 3028 3704 3176 3765; x_wconf 91' lang='lat' dir='ltr'><strong>inde</strong></span> <span class='ocrx_word' id='word_1_562' title='bbox 3228 3722 3331 3764; x_wconf 89' lang='lat' dir='ltr'><strong>re-</strong></span> 
     </span>
     <span class='ocr_line' id='line_1_86' title="bbox 1763 3797 3333 3878; baseline -0.002 -17"><span class='ocrx_word' id='word_1_563' title='bbox 1763 3800 1951 3861; x_wconf 81' lang='lat' dir='ltr'><strong>sultet</strong></span> <span class='ocrx_word' id='word_1_564' title='bbox 1982 3799 2147 3861; x_wconf 88' lang='lat' dir='ltr'><strong>dicta</strong></span> <span class='ocrx_word' id='word_1_565' title='bbox 2189 3799 2509 3878; x_wconf 87' lang='lat' dir='ltr'><strong>proportio</strong></span> <span class='ocrx_word' id='word_1_566' title='bbox 2531 3844 2547 3869; x_wconf 88' lang='lat'>‚</span> <span class='ocrx_word' id='word_1_567' title='bbox 2578 3798 2769 3877; x_wconf 85' lang='lat' dir='ltr'><strong>quod,</strong></span> <span class='ocrx_word' id='word_1_568' title='bbox 2812 3797 2972 3859; x_wconf 87' lang='lat' dir='ltr'><strong>sicut</strong></span> <span class='ocrx_word' id='word_1_569' title='bbox 3016 3815 3141 3858; x_wconf 90' lang='lat' dir='ltr'><strong>una</strong></span> <span class='ocrx_word' id='word_1_570' title='bbox 3188 3816 3333 3877; x_wconf 90' lang='lat' dir='ltr'><strong>per-</strong></span> 
     </span>
     <span class='ocr_line' id='line_1_87' title="bbox 1763 3889 3335 3970; baseline -0.001 -16"><span class='ocrx_word' id='word_1_571' title='bbox 1763 3910 1918 3955; x_wconf 89' lang='lat' dir='ltr'><strong>sona</strong></span> <span class='ocrx_word' id='word_1_572' title='bbox 1948 3909 2017 3953; x_wconf 89' lang='lat' dir='ltr'><strong>se</strong></span> <span class='ocrx_word' id='word_1_573' title='bbox 2046 3892 2237 3953; x_wconf 88' lang='lat' dir='ltr'><strong>habet</strong></span> <span class='ocrx_word' id='word_1_574' title='bbox 2264 3892 2349 3953; x_wconf 90' lang='lat' dir='ltr'><strong>ad</strong></span> <span class='ocrx_word' id='word_1_575' title='bbox 2376 3909 2575 3951; x_wconf 89' lang='lat' dir='ltr'><strong>unum</strong></span> <span class='ocrx_word' id='word_1_576' title='bbox 2604 3890 2955 3970; x_wconf 80' lang='lat' dir='ltr'><strong>praemium,</strong></span> <span class='ocrx_word' id='word_1_577' title='bbox 2986 3891 3072 3951; x_wconf 87' lang='lat' dir='ltr'><strong>ita</strong></span> <span class='ocrx_word' id='word_1_578' title='bbox 3100 3890 3222 3951; x_wconf 89' lang='lat' dir='ltr'><strong>alia</strong></span> <span class='ocrx_word' id='word_1_579' title='bbox 3250 3889 3335 3952; x_wconf 85' lang='lat' dir='ltr'><strong>ad</strong></span> 
     </span>
     <span class='ocr_line' id='line_1_88' title="bbox 1763 3983 3331 4064; baseline -0.001 -17"><span class='ocrx_word' id='word_1_580' title='bbox 1763 3985 1955 4047; x_wconf 89' lang='lat' dir='ltr'><strong>aliud.</strong></span> <span class='ocrx_word' id='word_1_581' title='bbox 1990 3984 2119 4047; x_wconf 86' lang='lat' dir='ltr'><strong>Hoc</strong></span> <span class='ocrx_word' id='word_1_582' title='bbox 2150 4002 2301 4063; x_wconf 90' lang='lat' dir='ltr'><strong>ergo</strong></span> <span class='ocrx_word' id='word_1_583' title='bbox 2341 3984 2575 4064; x_wconf 75' lang='lat' dir='ltr'><strong>posito,</strong></span> <span class='ocrx_word' id='word_1_584' title='bbox 2625 3983 2873 4062; x_wconf 89' lang='lat' dir='ltr'><strong>inquiro</strong></span> <span class='ocrx_word' id='word_1_585' title='bbox 2904 3984 3057 4062; x_wconf 89' lang='lat' dir='ltr'><strong>quid</strong></span> <span class='ocrx_word' id='word_1_586' title='bbox 3102 3985 3331 4062; x_wconf 89' lang='lat' dir='ltr'><strong>imper-</strong></span> 
     </span>
     <span class='ocr_line' id='line_1_89' title="bbox 1761 4077 3329 4157; baseline -0.001 -17"><span class='ocrx_word' id='word_1_587' title='bbox 1761 4079 2047 4141; x_wconf 81' lang='lat' dir='ltr'><strong>fectionis</strong></span> <span class='ocrx_word' id='word_1_588' title='bbox 2076 4079 2140 4139; x_wconf 90' lang='lat' dir='ltr'><strong>in</strong></span> <span class='ocrx_word' id='word_1_589' title='bbox 2188 4080 2309 4139; x_wconf 91' lang='lat' dir='ltr'><strong>hoc</strong></span> <span class='ocrx_word' id='word_1_590' title='bbox 2352 4096 2615 4140; x_wconf 86' lang='lat' dir='ltr'><strong>munere</strong></span> <span class='ocrx_word' id='word_1_591' title='bbox 2639 4077 2893 4157; x_wconf 77' lang='lat' dir='ltr'><strong>justitiae</strong></span> <span class='ocrx_word' id='word_1_592' title='bbox 2924 4078 3329 4140; x_wconf 80' lang='lat' dir='ltr'><strong>distributivae</strong></span> 
     </span>
     <span class='ocr_line' id='line_1_90' title="bbox 1763 4170 3333 4249; baseline -0.001 -16"><span class='ocrx_word' id='word_1_593' title='bbox 1763 4172 2157 4246; x_wconf 87' lang='lat' dir='ltr'><strong>inveniatur;</strong></span> <span class='ocrx_word' id='word_1_594' title='bbox 2202 4190 2349 4232; x_wconf 87' lang='lat' dir='ltr'><strong>nam</strong></span> <span class='ocrx_word' id='word_1_595' title='bbox 2392 4172 2441 4231; x_wconf 87' lang='lat' dir='ltr'><strong>si</strong></span> <span class='ocrx_word' id='word_1_596' title='bbox 2494 4170 2559 4231; x_wconf 91' lang='lat' dir='ltr'><strong>in</strong></span> <span class='ocrx_word' id='word_1_597' title='bbox 2596 4170 2718 4232; x_wconf 91' lang='lat' dir='ltr'><strong>hoc</strong></span> <span class='ocrx_word' id='word_1_598' title='bbox 2770 4171 2943 4231; x_wconf 85' lang='lat' dir='ltr'><strong>nulla</strong></span> <span class='ocrx_word' id='word_1_599' title='bbox 2975 4177 3091 4237; x_wconf 85' lang='lat' dir='ltr'><strong>est.</strong></span> <span class='ocrx_word' id='word_1_600' title='bbox 3124 4188 3333 4249; x_wconf 87' lang='lat' dir='ltr'><strong>neque</strong></span> 
     </span>
     <span class='ocr_line' id='line_1_91' title="bbox 1765 4264 3329 4346; baseline -0.003 -19"><span class='ocrx_word' id='word_1_601' title='bbox 1765 4267 1884 4346; x_wconf 91' lang='lat' dir='ltr'><strong>ipsi</strong></span> <span class='ocrx_word' id='word_1_602' title='bbox 1905 4266 2160 4346; x_wconf 62' lang='lat' dir='ltr'><strong>justitia».</strong></span> <span class='ocrx_word' id='word_1_603' title='bbox 2190 4265 2595 4328; x_wconf 64' lang='lat' dir='ltr'><strong>distributivae</strong></span> <span class='ocrx_word' id='word_1_604' title='bbox 2626 4264 2974 4327; x_wconf 89' lang='lat' dir='ltr'><strong>secundum</strong></span> <span class='ocrx_word' id='word_1_605' title='bbox 3004 4282 3072 4325; x_wconf 90' lang='lat' dir='ltr'><strong>se</strong></span> <span class='ocrx_word' id='word_1_606' title='bbox 3102 4264 3329 4342; x_wconf 87' lang='lat' dir='ltr'><strong>imper-</strong></span> 
     </span>
     <span class='ocr_line' id='line_1_92' title="bbox 1765 4357 3331 4439; baseline -0.003 -18"><span class='ocrx_word' id='word_1_607' title='bbox 1765 4360 1953 4421; x_wconf 87' lang='lat' dir='ltr'><strong>fectio</strong></span> <span class='ocrx_word' id='word_1_608' title='bbox 1980 4359 2191 4439; x_wconf 88' lang='lat' dir='ltr'><strong>aliqua</strong></span> <span class='ocrx_word' id='word_1_609' title='bbox 2238 4359 2428 4420; x_wconf 88' lang='lat' dir='ltr'><strong>tribui</strong></span> <span class='ocrx_word' id='word_1_610' title='bbox 2465 4363 2691 4438; x_wconf 83' lang='lat' dir='ltr'><strong>potest.</strong></span> <span class='ocrx_word' id='word_1_611' title='bbox 2740 4358 2895 4430; x_wconf 85' lang='lat' dir='ltr'><strong>Quia</strong></span> <span class='ocrx_word' id='word_1_612' title='bbox 2948 4357 3050 4419; x_wconf 79' lang='lat' dir='ltr'><strong>vel</strong></span> <span class='ocrx_word' id='word_1_613' title='bbox 3091 4358 3331 4419; x_wconf 89' lang='lat' dir='ltr'><strong>nullum</strong></span> 
     </span>
     <span class='ocr_line' id='line_1_93' title="bbox 1769 4449 3329 4524; baseline -0.002 -11"><span class='ocrx_word' id='word_1_614' title='bbox 1769 4452 1941 4513; x_wconf 90' lang='lat' dir='ltr'><strong>aliud</strong></span> <span class='ocrx_word' id='word_1_615' title='bbox 1980 4470 2213 4513; x_wconf 87' lang='lat' dir='ltr'><strong>munus</strong></span> <span class='ocrx_word' id='word_1_616' title='bbox 2241 4451 2455 4521; x_wconf 84' lang='lat' dir='ltr'><strong>habet,</strong></span> <span class='ocrx_word' id='word_1_617' title='bbox 2489 4452 2589 4513; x_wconf 84' lang='lat' dir='ltr'><strong>vel</strong></span> <span class='ocrx_word' id='word_1_618' title='bbox 2618 4459 2811 4524; x_wconf 88' lang='lat' dir='ltr'><strong>certe,</strong></span> <span class='ocrx_word' id='word_1_619' title='bbox 2844 4453 2894 4512; x_wconf 90' lang='lat' dir='ltr'><strong>si</strong></span> <span class='ocrx_word' id='word_1_620' title='bbox 2920 4449 3088 4512; x_wconf 88' lang='lat' dir='ltr'><strong>aliud</strong></span> <span class='ocrx_word' id='word_1_621' title='bbox 3120 4449 3329 4523; x_wconf 87' lang='lat' dir='ltr'><strong>habet,</strong></span> 
     </span>
     <span class='ocr_line' id='line_1_94' title="bbox 1771 4542 3327 4616; baseline 0 -9"><span class='ocrx_word' id='word_1_622' title='bbox 1771 4552 1864 4608; x_wconf 91' lang='lat' dir='ltr'><strong>est</strong></span> <span class='ocrx_word' id='word_1_623' title='bbox 1903 4545 2050 4606; x_wconf 87' lang='lat' dir='ltr'><strong>huic</strong></span> <span class='ocrx_word' id='word_1_624' title='bbox 2098 4545 2336 4616; x_wconf 87' lang='lat' dir='ltr'><strong>simile;</strong></span> <span class='ocrx_word' id='word_1_625' title='bbox 2372 4545 2527 4605; x_wconf 88' lang='lat' dir='ltr'><strong>etin</strong></span> <span class='ocrx_word' id='word_1_626' title='bbox 2556 4544 2679 4605; x_wconf 86' lang='lat' dir='ltr'><strong>hoc</strong></span> <span class='ocrx_word' id='word_1_627' title='bbox 2705 4544 2931 4605; x_wconf 73' lang='lat' dir='ltr'><strong>virtute</strong></span> <span class='ocrx_word' id='word_1_628' title='bbox 2966 4542 3327 4607; x_wconf 86' lang='lat' dir='ltr'><strong>includitur.</strong></span> 
     </span>
     <span class='ocr_line' id='line_1_95' title="bbox 1771 4634 3337 4717; baseline -0.004 -15"><span class='ocrx_word' id='word_1_629' title='bbox 1771 4642 1870 4710; x_wconf 87' lang='lat' dir='ltr'><strong>Ut,</strong></span> <span class='ocrx_word' id='word_1_630' title='bbox 1897 4638 2075 4700; x_wconf 85' lang='lat' dir='ltr'><strong>verbi</strong></span> <span class='ocrx_word' id='word_1_631' title='bbox 2104 4638 2321 4717; x_wconf 83' lang='lat' dir='ltr'><strong>gratia,</strong></span> <span class='ocrx_word' id='word_1_632' title='bbox 2351 4635 2604 4715; x_wconf 88' lang='lat' dir='ltr'><strong>quando</strong></span> <span class='ocrx_word' id='word_1_633' title='bbox 2628 4634 2761 4697; x_wconf 86' lang='lat' dir='ltr'><strong>haec</strong></span> <span class='ocrx_word' id='word_1_634' title='bbox 2784 4636 3021 4715; x_wconf 87' lang='lat' dir='ltr'><strong>justitia</strong></span> <span class='ocrx_word' id='word_1_635' title='bbox 3060 4654 3191 4697; x_wconf 89' lang='lat' dir='ltr'><strong>non</strong></span> <span class='ocrx_word' id='word_1_636' title='bbox 3216 4636 3337 4697; x_wconf 88' lang='lat' dir='ltr'><strong>dis-</strong></span> 
     </span>
     <span class='ocr_line' id='line_1_96' title="bbox 1767 4728 3338 4801; baseline -0.002 -9"><span class='ocrx_word' id='word_1_637' title='bbox 1767 4731 1990 4793; x_wconf 84' lang='lat' dir='ltr'><strong>tribuit</strong></span> <span class='ocrx_word' id='word_1_638' title='bbox 2024 4748 2161 4791; x_wconf 81' lang='lat' dir='ltr'><strong>rem</strong></span> <span class='ocrx_word' id='word_1_639' title='bbox 2192 4731 2353 4791; x_wconf 89' lang='lat' dir='ltr'><strong>inter</strong></span> <span class='ocrx_word' id='word_1_640' title='bbox 2383 4729 2635 4801; x_wconf 89' lang='lat' dir='ltr'><strong>multos,</strong></span> <span class='ocrx_word' id='word_1_641' title='bbox 2664 4728 2777 4789; x_wconf 90' lang='lat' dir='ltr'><strong>sed</strong></span> <span class='ocrx_word' id='word_1_642' title='bbox 2800 4734 2993 4790; x_wconf 85' lang='lat' dir='ltr'><strong>totam</strong></span> <span class='ocrx_word' id='word_1_643' title='bbox 3024 4746 3163 4789; x_wconf 82' lang='lat' dir='ltr'><strong>rem</strong></span> <span class='ocrx_word' id='word_1_644' title='bbox 3190 4746 3338 4791; x_wconf 88' lang='lat' dir='ltr'><strong>con-</strong></span> 
     </span>
     <span class='ocr_line' id='line_1_97' title="bbox 1769 4821 3338 4904; baseline -0.003 -19"><span class='ocrx_word' id='word_1_645' title='bbox 1769 4824 1892 4887; x_wconf 89' lang='lat' dir='ltr'><strong>fert</strong></span> <span class='ocrx_word' id='word_1_646' title='bbox 1913 4823 2206 4904; x_wconf 84' lang='lat' dir='ltr'><strong>digniori,</strong></span> <span class='ocrx_word' id='word_1_647' title='bbox 2241 4821 2648 4884; x_wconf 87' lang='lat' dir='ltr'><strong>considerans</strong></span> <span class='ocrx_word' id='word_1_648' title='bbox 2686 4821 2849 4883; x_wconf 90' lang='lat' dir='ltr'><strong>illius</strong></span> <span class='ocrx_word' id='word_1_649' title='bbox 2869 4824 2976 4903; x_wconf 86' lang='lat' dir='ltr'><strong>jus</strong></span> <span class='ocrx_word' id='word_1_650' title='bbox 3018 4838 3132 4902; x_wconf 89' lang='lat' dir='ltr'><strong>per</strong></span> <span class='ocrx_word' id='word_1_651' title='bbox 3165 4839 3338 4883; x_wconf 89' lang='lat' dir='ltr'><strong>com-</strong></span> 
     </span>
     <span class='ocr_line' id='line_1_98' title="bbox 1769 4915 3339 5001; baseline -0.003 -22"><span class='ocrx_word' id='word_1_652' title='bbox 1769 4918 2163 4997; x_wconf 82' lang='lat' dir='ltr'><strong>parationem</strong></span> <span class='ocrx_word' id='word_1_653' title='bbox 2189 4919 2251 4977; x_wconf 88' lang='lat' dir='ltr'><strong>et</strong></span> <span class='ocrx_word' id='word_1_654' title='bbox 2277 4915 2749 4995; x_wconf 86' lang='lat' dir='ltr'><strong>proportionem</strong></span> <span class='ocrx_word' id='word_1_655' title='bbox 2771 4915 2852 5001; x_wconf 81' lang='lat' dir='ltr'><strong>ad</strong></span> <span class='ocrx_word' id='word_1_656' title='bbox 2872 4916 3061 4989; x_wconf 86' lang='lat' dir='ltr'><strong>alios;</strong></span> <span class='ocrx_word' id='word_1_657' title='bbox 3087 4915 3187 4977; x_wconf 85' lang='lat' dir='ltr'><strong>vel</strong></span> <span class='ocrx_word' id='word_1_658' title='bbox 3214 4915 3339 4976; x_wconf 92' lang='lat' dir='ltr'><strong>for-</strong></span> 
     </span>
     <span class='ocr_line' id='line_1_99' title="bbox 1773 5009 3335 5088; baseline -0.002 -17"><span class='ocrx_word' id='word_1_659' title='bbox 1773 5016 1941 5072; x_wconf 77' lang='lat' dir='ltr'><strong>tasse</strong></span> <span class='ocrx_word' id='word_1_660' title='bbox 1978 5011 2164 5071; x_wconf 87' lang='lat' dir='ltr'><strong>etiam</strong></span> <span class='ocrx_word' id='word_1_661' title='bbox 2190 5009 2511 5071; x_wconf 86' lang='lat' dir='ltr'><strong>interdum</strong></span> <span class='ocrx_word' id='word_1_662' title='bbox 2538 5013 2743 5088; x_wconf 88' lang='lat' dir='ltr'><strong>potest</strong></span> <span class='ocrx_word' id='word_1_663' title='bbox 2792 5026 2985 5070; x_wconf 88' lang='lat' dir='ltr'><strong>unam</strong></span> <span class='ocrx_word' id='word_1_664' title='bbox 3032 5028 3172 5071; x_wconf 89' lang='lat' dir='ltr'><strong>rem</strong></span> <span class='ocrx_word' id='word_1_665' title='bbox 3225 5010 3335 5069; x_wconf 89' lang='lat' dir='ltr'><strong>uui</strong></span> 
     </span>
     <span class='ocr_line' id='line_1_100' title="bbox 1772 5102 3339 5183; baseline -0.001 -17"><span class='ocrx_word' id='word_1_666' title='bbox 1772 5104 2081 5179; x_wconf 88' lang='lat' dir='ltr'><strong>conferre,</strong></span> <span class='ocrx_word' id='word_1_667' title='bbox 2107 5103 2577 5183; x_wconf 85' lang='lat' dir='ltr'><strong>proportionem</strong></span> <span class='ocrx_word' id='word_1_668' title='bbox 2600 5106 2842 5165; x_wconf 88' lang='lat' dir='ltr'><strong>tantum</strong></span> <span class='ocrx_word' id='word_1_669' title='bbox 2864 5102 3179 5183; x_wconf 85' lang='lat' dir='ltr'><strong>dignitatis</strong></span> <span class='ocrx_word' id='word_1_670' title='bbox 3200 5102 3339 5182; x_wconf 84' lang='lat' dir='ltr'><strong>ejus</strong></span> 
     </span>
     <span class='ocr_line' id='line_1_101' title="bbox 1771 5196 3339 5273; baseline 0 -14"><span class='ocrx_word' id='word_1_671' title='bbox 1771 5197 2096 5273; x_wconf 86' lang='lat' dir='ltr'><strong>intuendo,</strong></span> <span class='ocrx_word' id='word_1_672' title='bbox 2158 5204 2230 5258; x_wconf 88' lang='lat' dir='ltr'><strong>ut</strong></span> <span class='ocrx_word' id='word_1_673' title='bbox 2278 5197 2437 5259; x_wconf 82' lang='lat' dir='ltr'><strong>infra</strong></span> <span class='ocrx_word' id='word_1_674' title='bbox 2475 5196 2863 5271; x_wconf 77' lang='lat' dir='ltr'><strong>videbimu33</strong></span> <span class='ocrx_word' id='word_1_675' title='bbox 2909 5196 2975 5257; x_wconf 88' lang='lat' dir='ltr'><strong>in</strong></span> <span class='ocrx_word' id='word_1_676' title='bbox 3019 5196 3116 5259; x_wconf 91' lang='lat' dir='ltr'><strong>his</strong></span> <span class='ocrx_word' id='word_1_677' title='bbox 3168 5197 3339 5259; x_wconf 89' lang='lat' dir='ltr'><strong>enim</strong></span> 
     </span>
     <span class='ocr_line' id='line_1_102' title="bbox 1773 5289 3340 5371; baseline 0 -18"><span class='ocrx_word' id='word_1_678' title='bbox 1773 5290 2127 5353; x_wconf 87' lang='lat' dir='ltr'><strong>actionibus</strong></span> <span class='ocrx_word' id='word_1_679' title='bbox 2182 5307 2311 5352; x_wconf 86' lang='lat' dir='ltr'><strong>non</strong></span> <span class='ocrx_word' id='word_1_680' title='bbox 2368 5295 2575 5370; x_wconf 89' lang='lat' dir='ltr'><strong>potest</strong></span> <span class='ocrx_word' id='word_1_681' title='bbox 2626 5289 2831 5370; x_wconf 86' lang='lat' dir='ltr'><strong>major</strong></span> <span class='ocrx_word' id='word_1_682' title='bbox 2880 5290 3041 5353; x_wconf 86' lang='lat' dir='ltr'><strong>ratio</strong></span> <span class='ocrx_word' id='word_1_683' title='bbox 3106 5290 3340 5371; x_wconf 89' lang='lat' dir='ltr'><strong>imper-</strong></span> 
     </span>
     <span class='ocr_line' id='line_1_103' title="bbox 1771 5383 3341 5465; baseline 0.001 -20"><span class='ocrx_word' id='word_1_684' title='bbox 1771 5384 2061 5445; x_wconf 87' lang='lat' dir='ltr'><strong>fectionis</strong></span> <span class='ocrx_word' id='word_1_685' title='bbox 2086 5384 2421 5465; x_wconf 87' lang='lat' dir='ltr'><strong>assignari,</strong></span> <span class='ocrx_word' id='word_1_686' title='bbox 2457 5401 2649 5463; x_wconf 83' lang='lat' dir='ltr'><strong>quam</strong></span> <span class='ocrx_word' id='word_1_687' title='bbox 2685 5384 2752 5444; x_wconf 89' lang='lat' dir='ltr'><strong>in</strong></span> <span class='ocrx_word' id='word_1_688' title='bbox 2783 5383 2985 5464; x_wconf 88' lang='lat' dir='ltr'><strong>prima</strong></span> <span class='ocrx_word' id='word_1_689' title='bbox 3010 5384 3341 5464; x_wconf 82' lang='lat' dir='ltr'><strong>magisque</strong></span> 
     </span>
     <span class='ocr_line' id='line_1_104' title="bbox 1771 5477 2023 5539; baseline -0.004 -2"><span class='ocrx_word' id='word_1_690' title='bbox 1771 5477 2023 5539; x_wconf 86' lang='lat' dir='ltr'><strong>usitata.</strong></span> 
     </span>
    </p>

    <p class='ocr_par' dir='ltr' id='par_1_9' title="bbox 1853 5568 3347 5651">
     <span class='ocr_line' id='line_1_105' title="bbox 1853 5568 3347 5651; baseline 0.003 -19"><span class='ocrx_word' id='word_1_691' title='bbox 1853 5570 1916 5632; x_wconf 76' lang='lat'><strong>2.</strong></span> <span class='ocrx_word' id='word_1_692' title='bbox 1946 5568 2170 5635; x_wconf 76' lang='lat' dir='ltr'><strong>Prima</strong></span> <span class='ocrx_word' id='word_1_693' title='bbox 2194 5570 2650 5644; x_wconf 63' lang='lat' dir='ltr'><strong>ratim—Quod</strong></span> <span class='ocrx_word' id='word_1_694' title='bbox 2678 5588 2831 5651; x_wconf 84' lang='lat' dir='ltr'><strong>ergo</strong></span> <span class='ocrx_word' id='word_1_695' title='bbox 2856 5571 2925 5633; x_wconf 89' lang='lat' dir='ltr'><strong>in</strong></span> <span class='ocrx_word' id='word_1_696' title='bbox 2951 5570 3058 5634; x_wconf 87' lang='lat' dir='ltr'><strong>illo</strong></span> <span class='ocrx_word' id='word_1_697' title='bbox 3082 5588 3347 5637; x_wconf 77' lang='lat' dir='ltr'><strong>munero</strong></span> 
     </span>
    </p>
   </div>
   <div class='ocr_carea' id='block_1_8' title="bbox 3832 3392 3839 3999">
    <p class='ocr_par' dir='ltr' id='par_1_10' title="bbox 3832 3392 3839 3999">
     <span class='ocr_line' id='line_1_106' title="bbox 3832 3392 3839 3999; baseline 0 0"><span class='ocrx_word' id='word_1_698' title='bbox 3832 3392 3839 3999; x_wconf 95' lang='lat' dir='ltr'><strong> </strong></span> 
     </span>
    </p>
   </div>
  </div>
 </body>
</html>
