3850 6225
763 404 899 455 cAP.
935 404 1085 457 xvn.
1122 405 1323 458 ACTUS
1354 402 1921 460 SUPERNATURALES
1955 402 2282 460 1⁹1³.AEme
2315 409 2358 459 Α.
2388 404 2530 469 nm,
2567 402 2698 458 Em.

170 511 267 576 est,
294 504 431 583 quia
477 502 805 564 efficaciter
844 504 1117 566 decrevit
1154 504 1240 565 illi
1281 506 1431 567 dare
1474 506 1689 581 fidem,

169 597 571 677 poenitentiam
596 600 657 657 et
697 598 1263 681 perseverantiam3
1297 618 1445 660 nam
1495 602 1695 679 appli-

170 692 306 753 catio
363 688 547 750 medii
595 691 1063 751 accommodata
1116 698 1211 754 est
1248 693 1574 755 intentioni
1619 694 1695 755 fi-

168 786 283 855 nis;
318 790 376 844 et
424 802 457 844 e
509 801 829 857 converse,
858 801 934 845 ex
966 784 1154 846 modo
1182 786 1535 865 applicandi
1564 805 1695 847 me-

168 878 274 953 dia,
327 882 485 937 recte
542 876 889 956 colligimus
940 877 1143 955 qualis
1196 877 1385 940 fuerit
1430 879 1693 941 intentio

167 969 305 1029 finis.
337 970 485 1029 Hinc
513 974 605 1030 est
632 969 788 1030 illud
814 971 1143 1049 Augustini
1174 972 1253 1033 de
1284 972 1698 1034 Proedestina-

168 1065 310 1124 tione
341 1063 569 1135 Sanct.‚
593 1080 650 1122 c.
676 1066 745 1124 Ἡ
778 1080 793 1122 ε
820 1062 1252 1145 Intelliqamns
1272 1082 1412 1147 erqo
1437 1067 1695 1129 vocatio-

166 1174 275 1217 nem
300 1173 413 1235 qua
437 1158 597 1235 fiunt
642 1156 834 1227 electi,
880 1174 999 1218 non
1041 1156 1147 1237 qui
1192 1158 1500 1239 cliyuntm·
1550 1160 1696 1241 quia

165 1252 529 1323 crediderunt,
560 1252 671 1314 sed
694 1252 797 1331 qui
824 1250 1133 1333 eliguntur
1156 1256 1229 1315 vt
1252 1254 1535 1327 credam&
1564 1272 1695 1314 non

164 1362 291 1423 ergo
337 1347 570 1404 tantum
624 1343 943 1424 eliguntur
981 1343 1061 1405 ad
1108 1346 1499 1407 vocationem
1550 1365 1696 1407 con-

166 1454 379 1513 gruam,
428 1436 539 1497 sed
588 1436 671 1497 ad
712 1436 913 1517 ipsam
950 1435 1187 1497 fidem:
1224 1438 1443 1501 electio
1482 1445 1695 1499 autem

164 1528 605 1608 praefinitionem
631 1528 799 1589 dicit.
832 1529 987 1589 Hinc
1017 1530 1205 1590 etiam
1232 1537 1327 1592 est
1370 1530 1524 1592 illud
1570 1534 1700 1593 Au-

163 1621 383 1700 gustini,
409 1619 487 1681 de
518 1622 703 1683 Dono
734 1640 1007 1701 persev.,
1042 1640 1179 1702 cap.
1228 1624 1303 1683 14
1329 1642 1343 1683 :
1402 1624 1697 1698 Quoniam

160 1720 220 1777 ut
242 1714 529 1777 crederent
567 1732 693 1776 non
738 1720 871 1778 erat
908 1714 995 1777 eis
1039 1715 1267 1789 datum,
1314 1718 1497 1780 etiam
1542 1719 1699 1781 undo

162 1808 429 1871 crederent
448 1811 541 1871 est
565 1813 877 1889 nouatum.
908 1808 1046 1869 Non
1074 1808 1243 1869 enim
1269 1810 1442 1889 loqui
1492 1816 1699 1890 potest

160 1899 223 1960 de
248 1899 569 1961 donatione
610 1899 759 1960 fidei
794 1901 861 1961 in
888 1918 981 1972 re,
1018 1919 1129 1963 seu
1167 1902 1231 1963 in
1278 1904 1645 1965 executione
1674 1922 1691 1977 ;

160 1992 279 2070 quia
312 1993 691 2071 oportuisset
715 1993 887 2071 prius
916 1993 1131 2055 datum
1172 2012 1307 2056 esse
1353 1996 1521 2057 unde
1568 2014 1697 2059 cre·

160 2084 378 2158 derent3
412 2084 695 2165 loquitur
722 2104 875 2165 ergo
908 2086 987 2147 de
1026 2087 1365 2151 donatione
1394 2090 1459 2149 in
1490 2089 1694 2150 inten-

163 2177 322 2250 tione,
362 2196 473 2239 seu
522 2178 1109 2257 praedestinatione,
1152 2188 1222 2242 ut
1275 2182 1485 2243 statim
1529 2182 1697 2243 idem

161 2270 511 2349 Augustinus
561 2270 895 2333 manifeste
939 2271 1234 2333 declarat.
1287 2276 1484 2336 Docet
1512 2276 1699 2355 igitur

161 2363 425 2423 auxilium
482 2364 1056 2438 accommodatum,
1114 2367 1510 2429 unde-homo
1562 2385 1698 2429 cre·-

161 2456 251 2527 dit,
294 2456 431 2516 inde
458 2456 821 2536 provenire,
854 2459 1022 2537 quod
1058 2460 1227 2521 Deus
1254 2460 1599 2522 intentione
1637 2463 1699 2521 et

159 2548 627 2627 praedefinitione
686 2568 799 2611 sua
845 2553 981 2630 jam
1026 2552 1110 2612 illi
1160 2553 1397 2613 homini
1443 2553 1700 2615 donavit

158 2640 355 2715 fidem;
408 2644 505 2703 cui
568 2648 787 2705 autem
838 2645 963 2707 tale
1010 2646 1309 2707 auxilium
1358 2648 1527 2707 Deus
1566 2664 1695 2708 non

159 2736 433 2811 providet,
470 2737 729 2817 signum
774 2744 868 2799 est
906 2757 1036 2799 non
1074 2739 1250 2799 illum
1302 2739 1566 2819 elegisse
1620 2739 1701 2801 ad

158 2826 344 2889 fidem.
375 2830 505 2891 Hoc
530 2830 745 2909 ipsum
772 2830 1145 2893 confirmant
1168 2832 1523 2893 testimonia
1559 2850 1699 2911 quae

159 2937 343 2999 supra,
390 2922 592 3001 capite
644 2922 889 2983 decimo
929 2930 1173 3001 quarto,
1204 2924 1600 2999 adduximus,
1631 2930 1699 2987 ut

158 3030 221 3071 ex
234 3022 428 3075 mente
454 3015 792 3095 Augustini
817 3018 1290 3079 ostenderemus
1305 3017 1696 3080 vocationem

160 3106 443 3170 efficacem
470 3127 613 3170 esse
640 3107 813 3170 illam
834 3129 983 3189 ,quae
1015 3117 1108 3172 est
1148 3131 1223 3174 ex
1264 3111 1583 3192 proposito
1614 3111 1701 3174 ef-

158 3197 306 3259 ficaci
327 3201 457 3270 Dei.
483 3201 673 3265 Unde
696 3202 866 3264 idem
892 3203 1083 3266 etiam
1108 3205 1365 3284 probari
1392 3211 1599 3284 potest
1622 3223 1699 3266 ex

160 3293 478 3355 testimonio
504 3297 581 3356 D.
616 3295 875 3357 Thomae
899 3296 982 3356 ibi
1016 3297 1311 3359 adducto.

223 3389 309 3448 13.
340 3389 425 3448 Ex
460 3391 561 3450 his
604 3409 761 3470 ergo
804 3391 1236 3453 concludimus
1261 3394 1461 3454 Deum
1492 3393 1700 3472 praefi-

159 3479 354 3540 nirisse
373 3483 583 3544 omnia
615 3485 1114 3562 supernaturalia
1135 3503 1352 3565 opera,
1381 3505 1519 3566 quae
1552 3491 1701 3548 sunt

158 3574 337 3636 media
385 3580 453 3636 ut
500 3577 693 3638 electi
747 3585 1214 3658 consequantur
1264 3580 1561 3660 gloriam,
1615 3581 1699 3642 ad

158 3686 323 3745 quam
350 3671 529 3733 electi
571 3676 759 3746 sunt3
812 3681 946 3736 tum
999 3677 1145 3754 quia
1186 3695 1316 3736 non
1352 3684 1447 3740 est
1496 3679 1697 3758 major

158 3761 289 3822 ratio
318 3763 391 3825 de
428 3784 557 3826 uno
606 3784 825 3844 opere,
878 3786 1069 3846 quam
1116 3769 1195 3830 de
1230 3770 1387 3842 ali0;
1434 3789 1609 3850 erge,
1645 3770 1695 3830 si

158 3853 292 3915 fides
335 3875 549 3918 eorum
594 3859 698 3918 vel
750 3861 1116 3938 poenitentia
1165 3862 1549 3940 praedefinita
1578 3869 1693 3937 est,

160 3946 355 4009 eadem
388 3951 635 4012 ratione
680 3955 743 4012 et
790 3952 1033 4031 reliqua
1063 3953 1303 4027 media3
1338 3961 1473 4016 tum
1507 3956 1697 4016 etiam

161 4040 283 4114 quia
317 4042 393 4103 ad
420 4044 635 4104 omnia
666 4051 729 4104 et
758 4045 1008 4124 singula
1036 4046 1265 4109 dantur
1294 4067 1324 4106 a
1366 4049 1489 4108 Deo
1522 4049 1699 4108 auxi·-

159 4130 225 4192 lia
261 4153 549 4216 congrua,
588 4125 662 4198 u‘t
694 4156 808 4216 per
848 4157 923 4199 ea
961 4140 1437 4217 praedestinatus
1478 4159 1699 4220 opere-

162 4230 290 4299 tur3
342 4246 487 4290 nam
549 4230 603 4291 si
666 4231 981 4292 interdum
1028 4231 1211 4294 datur
1260 4233 1697 4312 praedestinato

162 4319 429 4382 auxilium
466 4323 809 4396 sufficione,
846 4341 971 4402 quo
998 4343 1127 4386 non
1151 4333 1468 4406 operatur,
1499 4333 1697 4402 actuS,

162 4409 229 4469 ad
266 4429 441 4490 quem
485 4415 615 4476 tale
667 4417 965 4480 auxilium
1007 4417 1353 4494 ordinatur,
1412 4420 1489 4480 de
1536 4419 1700 4482 facto

162 4519 269 4564 non
325 4510 416 4566 est
470 4507 776 4583 medium,
842 4527 965 4589 quo
1022 4511 1163 4572 talis
1228 4512 1701 4591 praedestinatus

163 4609 583 4666 consecuturus
614 4611 709 4666 est
750 4607 1035 4686 gloriam.
1084 4608 1260 4670 Unde
1302 4611 1533 4668 mirum
1571 4628 1699 4670 non

166 4697 413 4772 estquod
434 4715 565 4757 non
586 4698 778 4759 fuerit
803 4699 1169 4779 praefinitae,
1193 4719 1401 4780 neque
1424 4701 1505 4762 ad
1524 4702 1701 4762 illum

167 4785 353 4848 datum
404 4791 597 4852 fuerit
645 4793 945 4854 auxilium
997 4812 1368 4874 congruum.
1418 4795 1699 4874 Denique

166 4881 299 4942 ratio
314 4884 619 4962 generalis
638 4891 753 4960 est,
770 4887 937 4964 quia,
955 4887 1060 4966 qui
1084 4887 1415 4948 efficaciter
1434 4888 1700 4950 intendit

168 4969 353 5048 tinem,
376 4976 544 5056 eligit
570 4983 629 5038 et
650 4978 1025 5041 determinat
1044 4981 1253 5042 media
1273 4999 1387 5061 per
1411 5000 1551 5060 quoe
1574 4982 1705 5044 vult

170 5069 221 5122 et
245 5069 443 5129 statuit
480 5069 658 5132 illum
687 5072 881 5134 finem
910 5091 1299 5154 comparare,
1336 5081 1399 5135 et
1427 5074 1513 5134 ita
1552 5093 1704 5154 1³1·ae-

170 5155 283 5220 finit
300 5161 419 5234 illa,
436 5166 785 5242 praesertim
807 5167 856 5227 si
886 5167 1036 5228 talia
1058 5166 1201 5239 sint,
1222 5172 1285 5228 et
1308 5185 1447 5246 quae
1475 5167 1540 5228 in
1566 5169 1702 5247 ejus

169 5252 522 5318 voluntatem
571 5258 795 5320 cadere
846 5261 1115 5339 possint,
1150 5265 1317 5322 etex
1364 5261 1557 5339 ipsius
1590 5280 1703 5341 pe-

170 5344 360 5406 culiari
390 5367 537 5411 cura
568 5355 631 5413 et
658 5352 1049 5432 providentia
1080 5352 1407 5414 efficienda
1434 5354 1577 5414 sint.

240 5439 327 5502 14.
380 5442 595 5524 Neque
651 5451 893 5526 oportet
946 5446 1010 5506 in
1064 5446 1427 5526 hujusmodi
1494 5445 1703 5506 divino

174 5531 403 5593 consilio
440 5541 499 5596 et
528 5538 1046 5617 praeordinatione
1090 5539 1444 5620 excogitare
1488 5538 1707 5601 confu-

3219 398 3340 463 255

1774 525 1909 569 sam
1939 507 2212 586 aliquam
2235 504 2821 586 praeordinationem
2843 504 3193 567 mediorum
3221 524 3338 567 seu

1773 601 2142 661 meritorum
2189 598 2610 679 praedestinati
2659 599 2726 658 in
2779 598 3140 671 communi,
3201 599 3342 660 abs-

1772 690 2104 765 trahendo,
2138 693 2236 753 vel
2270 692 2351 752 ab
2381 690 2710 771 speciebus
2749 690 3088 765 actionum,
3127 692 3227 753 vel
3263 692 3342 752 ab

1775 786 2111 848 individuis
2157 786 2420 857 actibus,
2471 782 2574 845 vel
2623 802 2661 843 a
2709 784 3192 845 circumstantiis
3235 804 3352 846 eo-.

1774 898 1948 952 rum3
1981 881 2112 941 haec
2147 878 2316 939 enim
2341 896 2564 939 revera
2603 882 2750 938 sunt
2791 877 2922 938 Deo
2966 877 3246 957 indigna,
3281 882 3344 937 et

1778 973 1984 1035 aliena
2026 972 2108 1033 ab
2153 971 2394 1032 infinita
2430 969 2814 1050 perfectione
2855 989 2984 1031 suae
3011 971 3346 1050 providen-

1776 1065 1900 1138 tiae,
1932 1064 2272 1144 praesertim
2304 1063 2470 1123 iilius
2499 1081 2692 1141 quam
2713 1081 2857 1123 cum
2883 1062 3344 1142 praedestinatis

1776 1159 2101 1231 observat3
2150 1175 2331 1236 quoS,
2385 1156 2543 1217 sicut
2587 1156 2988 1236 singulariter
3013 1156 3248 1231 dilexit,
3281 1164 3346 1219 et

1775 1253 1855 1313 ad
1888 1250 2216 1315 definitum
2249 1250 2515 1330 gradum
2540 1250 2758 1328 gratiae
2800 1256 2862 1312 et
2891 1248 3101 1330 gloriae
3129 1250 3339 1330 elegit,

1774 1347 1861 1407 ita
1889 1364 2018 1405 non
2048 1344 2114 1404 in
2139 1343 2422 1415 consum,
2465 1343 2578 1405 sed
2604 1344 2666 1403 in
2697 1343 3077 1423 particulari,
3112 1350 3175 1405 et
3202 1362 3344 1423 spe-

1778 1438 2110 1500 cialissima
2163 1454 2313 1499 cura
2357 1436 2478 1497 illis
2523 1436 2826 1515 providet.
2877 1436 3114 1499 Deinde
3135 1482 3152 1511 ,
3203 1436 3344 1516 quis

1778 1532 1994 1593 credat
2033 1531 2254 1604 Deum,
2289 1529 2439 1590 dum
2485 1529 2604 1590 hoc
2644 1530 2744 1590 vel
2787 1528 2892 1591 illo
2937 1530 3126 1591 modo
3161 1536 3345 1591 vocat

1779 1624 2120 1695 hominem,
2153 1622 2396 1684 nescire
2427 1622 2766 1699 (loquimur
2795 1622 3140 1684 seeundum
3171 1628 3345 1684 ante-

1778 1718 2128 1779 cessionem
2171 1716 2452 1794 rationis)
2493 1734 2576 1776 an
2623 1733 3045 1777 consensurus
3083 1715 3162 1776 sit
3201 1734 3345 1777 nec-

1778 1830 1882 1883 ne,
1922 1816 1985 1871 et
2021 1809 2164 1870 ideo
2207 1809 2388 1888 quasi
2437 1806 2736 1869 tentando
2779 1808 3098 1883 incedere,
3139 1814 3230 1882 ut,
3292 1808 3346 1869 si

1776 1922 1946 1965 nunc
1974 1922 2100 1963 non
2133 1901 2518 1963 consenserit
2547 1900 2760 1975 homo,
2805 1901 3033 1963 iterum
3068 1918 3214 1963 eum
3241 1918 3346 1963 vo·

1778 2000 1898 2066 cet,
1935 1996 2034 2057 vel
2061 1995 2185 2055 alio
2224 1994 2438 2067 mod0,
2471 1999 2590 2055 etc.
2612 1997 2638 2055 ‘t
2662 1994 2768 2055 Est
2797 1994 2964 2054 enim
2991 1995 3090 2055 hic
3118 1994 3346 2055 modus

1776 2087 2144 2170 providendi
2176 2093 2238 2148 et
2263 2086 2495 2167 agendi
2519 2087 2701 2149 valde
2725 2086 3149 2166 imperfectae.
3185 2088 3341 2158 Imo,

1780 2184 1829 2245 si
1856 2182 1998 2262 quis
2025 2186 2193 2242 recte
2219 2179 2592 2253 consideret,
2618 2185 2714 2240 est
2738 2179 3121 2241 insufficiens
3149 2179 3233 2240 ad
3257 2178 3348 2240 ef-

1776 2275 2062 2336 ficaciam
2082 2273 2182 2334 vel
2202 2272 2726 2346 infallibilitatem,
2757 2290 2948 2351 quam
2969 2272 3178 2334 divina
3203 2289 3348 2351 pro-

1777 2368 2054 2429 videntia
2095 2366 2357 2446 requirit
2396 2366 2462 2427 in
2497 2365 2744 2440 mediis,
2793 2384 3062 2445 quorum
3096 2365 3344 2427 ordina·

1777 2461 1863 2521 tio
1887 2460 2176 2538 provenit
2199 2477 2276 2520 ex
2315 2459 2602 2520 absoluta
2632 2465 2693 2519 et
2721 2459 2956 2519 efficaci
2999 2458 3344 2519 intentione

1776 2552 1956 2627 finis;
2005 2552 2153 2633 quia
2197 2554 2326 2613 hoec
2368 2552 2630 2614 intentio
2670 2559 2799 2612 tam
2848 2557 2942 2613 est
2983 2551 3342 2625 infallibilis,

1774 2653 1844 2708 ut
1865 2646 2142 2726 implicet
2163 2646 2719 2707 contradictionem
2739 2664 2868 2705 non
2895 2645 3222 2723 pervenire
3264 2644 3347 2707 ad

1782 2739 2292 2801 consecutionem
2318 2738 2481 2798 finis.
2502 2737 2606 2799 Illa
2631 2743 2845 2799 autem
2867 2737 3125 2799 confusa
3145 2738 3349 2817 provi-

1782 2833 2017 2904 dentia,
2051 2831 2104 2892 si
2133 2849 2262 2891 non
2291 2830 2545 2891 aliunde
2591 2830 2855 2891 haberet
2883 2830 3342 2893 certitudinem.

1779 2926 1895 2987 nisi
1918 2944 1998 2986 ex
2020 2924 2415 2985 multitudine
2440 2928 2502 2985 et
2521 2924 2697 3011 quasi
2727 2923 3149 2985 vicissitudine
3171 2924 3348 2985 auxi-

1778 3019 2028 3091 liorum,
2073 3037 2202 3079 non
2240 3016 2504 3079 haberet
2538 3021 2781 3077 tantam
2821 3016 3344 3089 infallibilitatem,

1780 3113 1892 3173 sed
1914 3113 2120 3192 potius
2137 3110 2651 3191 contingentiam;
2675 3108 2822 3190 quia
2839 3108 3198 3188 simpliciter
3216 3128 3345 3171 non

1778 3211 2163 3287 repugnaret
2192 3251 2208 3277 ,
2260 3223 2470 3284 neque
2515 3204 2862 3285 implicaret
2913 3203 3348 3265 contradictio-

1780 3318 1950 3374 nem,
1971 3300 2180 3360 omnia
2197 3300 2300 3360 illa
2322 3299 2550 3360 auxilia
2571 3317 2748 3360 cassa
2763 3297 2938 3358 reddi
2963 3315 3040 3358 ex
3060 3297 3345 3360 libertate

1780 3395 2139 3468 voluntatiS,
2157 3399 2228 3454 ut
2253 3399 2496 3456 constat
2521 3413 2599 3454 ex
2625 3394 2725 3454 his
2750 3412 2888 3472 quae
2916 3393 2980 3452 in
3013 3393 3347 3472 superiori-

1778 3489 1897 3550 bus
1918 3487 2209 3561 diximus,
2235 3487 2576 3566 praesertim
2603 3505 2656 3546 c.
2689 3490 2786 3550 to.
2817 3486 3034 3565 Igitur,
3059 3485 3347 3566 supposi-

1782 3589 1840 3642 ta
1872 3580 2168 3660 praedicta
2207 3579 2552 3640 intentione
2600 3579 2711 3640 Dei
2742 3578 2933 3639 dandi
2971 3579 3234 3658 gloriam
3283 3584 3345 3640 et

1779 3691 2076 3736 coronam
2099 3672 2562 3753 praedestinato,
2581 3689 2840 3733 necesse
2860 3677 2954 3733 est
2965 3671 3168 3746 fateri,
3187 3689 3346 3751 prae-

1779 3767 2146 3848 cognovisse
2171 3769 2394 3840 Deum,
2419 3783 2547 3828 non
2575 3767 2638 3826 in
2666 3766 2946 3840 confuso,
2974 3767 3086 3828 sed
3111 3767 3179 3826 in
3201 3783 3348 3846 par-

1779 3860 2023 3923 ticulari
2046 3906 2061 3933 ,
2104 3865 2274 3922 certa
2310 3859 2519 3938 aliqua
2551 3859 2780 3930 media,
2831 3859 3058 3937 quibus
3089 3859 3344 3920 omnino

1779 3953 2183 4014 infallibiliter
2247 3953 2441 4031 possit
2505 3951 2608 4012 illa
2659 3951 2920 4012 intentio
2979 3950 3060 4012 ad
3109 3953 3344 4013 exitum

1778 4045 2079 4125 perduci;
2113 4063 2263 4124 ergo
2295 4063 2422 4105 non
2451 4049 2695 4105 tantum
2723 4045 2788 4105 in
2827 4044 3108 4118 consum,
3143 4042 3344 4105 sedin

1779 4137 2136 4218 particulari
2173 4137 2380 4198 media
2422 4137 2709 4216 praefin'it.
2757 4139 2846 4199 Ac
2889 4136 3165 4210 tandem,
3199 4152 3344 4196 cum

1779 4233 1948 4292 Deus
2009 4231 2221 4292 statuit
2273 4230 2408 4292 dari
2465 4230 2704 4290 homini
2757 4230 3148 4291 vocationem
3196 4248 3349 4290 con·

1782 4343 2006 4406 gruam
2052 4324 2134 4385 ad
2178 4323 2392 4398 fidem,
2438 4341 2566 4384 non
2605 4323 2885 4384 decernit
2913 4322 2992 4384 de
3017 4323 3344 4387 vocatione

1781 4419 1990 4498 aliqua
2019 4417 2084 4478 in
2105 4417 2387 4490 confuso,
2427 4422 2534 4478 aut
2566 4415 2985 4478 abstrahendo
3015 4435 3054 4476 a
3081 4417 3348 4478 circum-

1782 4511 2047 4584 stantiiS,
2079 4509 2191 4572 sed
2222 4511 2300 4572 de
2338 4510 2662 4571 vocatione
2704 4508 3118 4571 determinata
3157 4509 3346 4572 ethic

1784 4611 1845 4666 et
1871 4623 2040 4665 nunc
2070 4602 2302 4678 danda,
2335 4621 2526 4682 quam
2555 4603 2727 4664 novit
2747 4601 2894 4664 huic
2921 4603 3158 4664 homini
3183 4602 3347 4665 futu-

1780 4717 1917 4759 ram
1947 4683 2315 4776 congruam,
2371 4715 2486 4758 seu
2525 4702 2995 4776 penetraturam
3039 4699 3175 4777 ejus
3217 4699 3347 4758 ani-

1778 4809 1988 4864 mam;
2019 4795 2090 4851 ut
2114 4790 2194 4852 de
2231 4790 2557 4852 vocatione
2588 4789 2764 4851 Pauli
2804 4789 2956 4851 dixit
2983 4791 3347 4871 chrysosto—

1780 4903 1920 4946 mus
1957 4883 2019 4944 in
2050 4883 2474 4962 superioribus
2503 4881 2726 4956 citatiS,
2757 4889 2821 4943 et
2850 4885 3237 4962 Augustinus
3271 4884 3347 4944 si-

1784 4977 2013 5038 militer
2065 4975 2132 5036 in
2191 4976 2345 5037 locis
2393 4975 2682 5055 superius
2729 4976 3046 5050 adductis„
3087 4995 3348 5056 praeser-
3457 5055 3463 5063 .

1784 5069 1893 5131 tim
1920 5088 2058 5148 cap.
2106 5071 2219 5141 ⁴4;
2271 5087 2421 5148 ergo
2450 5069 2638 5130 etiam
2665 5076 2842 5131 actus
2875 5075 2970 5130 est
2995 5068 3348 5148 proedefini-

1784 5169 1883 5224 tus
1910 5163 1973 5222 in
1999 5161 2357 5241 particulari
2381 5168 2604 5222 etcum
2627 5161 2918 5223 omnibus
2941 5162 3349 5222 circumstan-

1783 5256 1921 5328 tiis;
1953 5273 2101 5316 nam
2143 5254 2284 5315 talis
2327 5260 2504 5316 actus
2539 5254 2962 5333 praedefinitus
2997 5261 3114 5328 est,
3147 5253 3348 5332 qualis

1784 5347 2126 5428 respondet
2153 5347 2259 5409 tali
2286 5347 2619 5420 vocationi,
2645 5354 2713 5408 ut
2743 5347 3159 5420 ostendimus3
3194 5364 3348 5424 ergo

1787 5443 2010 5505 eadem
2039 5443 2278 5504 ratione
2327 5459 2548 5502 omnes
2593 5447 2770 5502 actus
2812 5441 3344 5520 supernaturalem,

1788 5537 1892 5615 qui
1926 5541 2072 5597 sunt
2101 5533 2308 5597 media
2336 5532 2920 5613 praedestinationis„
2945 5539 3090 5594 sunt
3119 5534 3181 5594 in
3210 5531 3348 5613 pai·-
