3850 6225
508 377 628 439 160

504 483 580 556 ri,
614 479 729 542 sed
752 479 957 541 solum
978 480 1045 540 111
1072 479 1389 543 voluntate
1412 483 1525 543 Dei
1547 481 1753 542 dantis
1772 480 2075 542 auxilium

502 573 933 637 necessarium
974 573 1075 634 cui
1112 574 1264 635 vult.
1298 576 1375 638 Et
1401 575 1656 655 quidem
1698 575 1868 636 hunc
1908 592 2077 636 erro·

503 686 641 729 rem
666 667 842 747 prius
870 665 1059 728 etiam
1086 667 1373 748 Pelagius
1402 668 1824 742 docuerat,·ut
1852 685 1931 729 ex
1954 670 2076 729 Au·

506 761 755 842 gustino
788 759 993 842 colligi
1022 763 1250 839 potest,
1300 762 1481 840 epist.
1516 763 1667 834 107;
1726 767 1940 822 tamen
1969 761 2078 822 Se-

510 855 939 936 mipelagiani‚
982 853 1119 914 aliis
1160 855 1409 935 rejectis
1450 854 1767 918 erroribus
1812 854 2070 934 Pelagii,

508 951 679 1009 hunc
703 947 1004 1009 indirecte
1024 953 1087 1008 et
1110 947 1351 1010 occulte
1375 948 1647 1009 retinere
1667 947 1873 1030 conati
1900 954 2068 1018 sunt,

507 1041 591 1103 ita
616 1047 689 1103 ut
711 1041 775 1102 in
804 1058 1022 1102 eorum
1048 1041 1255 1103 verbis
1276 1042 1475 1120 gratia
1500 1046 1774 1115 sonaret,
1796 1047 1858 1102 et
1884 1042 2075 1101 meri-

508 1141 644 1196 tum
666 1133 1082 1196 delitesceret.
1105 1134 1197 1195 De
1217 1134 1312 1196 his
1332 1135 1501 1196 enim
1528 1133 1775 1195 videtur
1796 1133 2078 1214 scripsis-

507 1248 575 1291 se
616 1230 741 1290 Leo
775 1228 966 1308 Papa,
996 1227 1177 1307 epist.
1207 1229 1309 1300 84,
1344 1228 1412 1288 in
1451 1229 1585 1290 hoec
1622 1227 1849 1290 verba:
1888 1227 2078 1290 Dam-

507 1325 654 1386 nent
680 1323 911 1403 apertis
926 1321 1404 1403 professionibus
1430 1321 1565 1384 suis
1587 1320 1829 1400 superbi
1846 1321 2076 1384 moris

508 1422 783 1479 auctores
794 1440 821 1486 ;
838 1420 902 1476 et
921 1413 1112 1474 intra:
1143 1413 1327 1478 Nihil
1349 1411 1416 1474 in
1436 1412 1630 1477 verbis
1657 1430 1859 1476 eorum
1874 1413 2076 1476 obseu-

506 1527 667 1582 rum,
692 1505 849 1570 nihil
866 1508 1217 1570 inveniatur
1236 1507 1581 1590 anubionem
1598 1530 1625 1578 ;
1658 1505 1944 1588 quoniam
1969 1522 2078 1566 ao·-

504 1601 705 1665 vimus
732 1603 888 1665 hauc
910 1601 1171 1663 istorum
1211 1617 1339 1664 esse
1362 1599 1719 1672 veratium
1748 1603 1821 1662 ut
1836 1597 1905 1660 in
1931 1615 2078 1679 qua-

508 1713 757 1777 owmquo
775 1693 1091 1777 particula
1116 1692 1413 1774 doymatie
1439 1693 1813 1764 exsecrandi,
1835 1708 2018 1773 quam
2037 1709 2078 1754 a

510 1789 987 1852 &mirandorum
1013 1787 1295 1851 societate
1322 1785 1740 1860 discreverint,
1768 1784 1927 1848 nim
1958 1783 2079 1848 sibi

508 1899 793 1946 semum
833 1899 1083 1946 suornm
1117 1877 1466 1944 existimat
1496 1896 1624 1943 osse
1650 1895 1772 1940 non
1807 1877 2074 1941 salvans.

514 1973 776 2056 Gwmque
802 1991 1002 2038 omnes
1022 1973 1394 2053 definiticmes
1416 1989 1587 2048 suas,
1615 1972 1699 2035 ad
1724 1971 2080 2051 subrependi

504 2065 887 2146 facilitatem,
921 2066 1257 2148 improbare
1284 2083 1349 2130 se
1375 2065 1663 2128 simulent
1698 2069 1875 2146 atquo
1904 2064 2078 2146 dopo·

508 2179 672 2237 mre,
698 2163 805 2225 Ιιοσ
832 2157 949 2223 sibi
974 2163 1107 2223 tota
1126 2163 1260 2223 arto
1272 2159 1553 2238 fallendi,
1576 2158 1703 2221 nisi
1728 2155 2080 2240 intellimu-

508 2261 637 2331 των,
657 2253 989 2334 excipiunt,
1010 2257 1083 2316 ut
1108 2253 1317 2335 qratia
1347 2253 1463 2314 Dei
1506 2251 1831 2316 secundum
1856 2248 2080 2314 merita

508 2349 651 2412 dari
696 2345 1121 2429 accipientium
1168 2345 1496 2421 sentiatur,
1539 2363 1675 2426 Μ
1703 2344 1909 2426 utique
1949 2345 2076 2408 nisi

508 2443 711 2526 oratis
738 2442 936 2517 detur,
960 2457 1083 2501 non
1108 2442 1200 2502 cst
1219 2439 1452 2522 qratia,
1478 2439 1586 2502 sed
1603 2455 1850 2513 moron,
1876 2437 2078 2500 dicen-

511 2542 567 2601 to
590 2534 877 2618 Apostolo
918 2531 1037 2612 (Ad
1084 2533 1314 2612 Ephes.
1354 2535 1456 2612 2):
1502 2532 1728 2598 Gratia
1765 2531 1913 2595 estis
1949 2531 2076 2594 sal-

509 2631 771 2708 vatiper
789 2629 991 2708 fidem,
1012 2629 1071 2690 ct
1088 2627 1197 2690 Ιιοσ
1218 2643 1339 2688 non
1358 2643 1435 2689 ιω
1461 2624 1645 2698 vobis,
1673 2625 1891 2688 1101111111
1918 2621 2076 2688 onim

510 2722 629 2785 Dei
654 2725 767 2794 est,
796 2737 917 2782 non
942 2737 1017 2784 σω
1038 2719 1332 2802 oporibus,
1354 2735 1427 2781 ne
1448 2717 1585 2800 quis
1605 2717 1922 2800 glorietur.
1955 2716 2083 2779 Ad-

514 2833 734 2876 versus
764 2815 934 2875 hunc
958 2831 1109 2893 ergo
1132 2829 1411 2874 errorem
1432 2809 1715 2872 definivit
1733 2809 2076 2872 Concilium

509 2907 857 2988 praesertim
886 2907 1341 2970 Arausicanum
1365 2907 1442 2982 Π,
1476 2911 1539 2966 et
1567 2905 1795 2966 docent
1838 2905 2073 2982 Patres,

511 3003 632 3064 hoc
667 3002 990 3075 auxilium,
1032 3000 1115 3062 ad
1142 3017 1336 3080 opera
1368 2998 1587 3060 salutis
1622 2997 2076 3075 necessarium,

512 3114 652 3158 esse
682 3095 937 3157 omnino
966 3093 1327 3175 gratuitum.
1366 3091 1673 3165 Quoniam
1694 3108 1867 3167 vero,
1896 3097 1967 3153 ut
1991 3091 2080 3154 di-

510 3190 598 3262 xi,
636 3206 799 3268 saepe
852 3186 1157 3268 contingit
1208 3184 1465 3266 aliquod
1510 3186 1871 3267 hujusmodi
1908 3184 2081 3247 auxi-

510 3284 665 3345 lium
708 3300 787 3343 ex
812 3282 1109 3363 operibus
1137 3282 1294 3355 dari,
1343 3281 1411 3343 id
1438 3284 1555 3355 est,
1590 3300 1667 3343 ex
1700 3281 1946 3355 merito,
1979 3280 2082 3343 vel

510 3376 591 3439 de
622 3375 961 3457 condigno,
1002 3380 1075 3437 ut
1097 3374 1351 3456 quando
1370 3375 1601 3455 justus,
1649 3374 1813 3435 hene
1842 3373 2078 3436 utendo

512 3469 696 3531 donis
728 3468 1021 3549 acceptia,
1052 3474 1334 3536 meretur
1356 3468 1843 3547 subsequentia3
1877 3466 1978 3528 vel
1999 3466 2078 3530 de

512 3580 815 3642 congruo,
858 3566 929 3623 ut
960 3580 1105 3623 cum
1131 3568 1442 3641 peccator,
1484 3561 1649 3621 bene
1676 3564 1739 3621 et
1774 3578 2080 3639 superna-

508 3656 795 3718 turaliter
812 3673 1082 3736 operans
1104 3674 1181 3715 ex
1199 3654 1387 3735 priori
1412 3654 1665 3727 auxili0‚
1686 3654 2078 3733 subsequens

510 3758 811 3824 meretur,
828 3755 895 3811 ut
908 3748 1246 3827 saepissime
1266 3748 1453 3810 docet
1479 3748 1884 3828 Augustinus,
1918 3747 2078 3828 epis-

512 3844 639 3906 tola
660 3845 776 3905 105
800 3848 863 3903 et
879 3844 1017 3917 106,
1040 3842 1341 3921 quoniam
1360 3841 1663 3921 (inquam)
1682 3858 1883 3903 unum
1909 3840 2080 3901 auxi-

508 3936 663 3999 lium
692 3936 829 3997 dari
844 3940 1051 4015 potest
1072 3953 1151 3997 ex
1168 3952 1359 4014 opere
1388 3934 1769 4015 procedente
1794 3934 1877 3997 ab
1915 3935 2039 3995 alio
2057 3978 2074 4007 ,

510 4030 653 4092 ideo
686 4030 901 4093 Patres
930 4030 1316 4091 constituunt
1340 4029 1505 4091 hanc
1539 4028 1805 4108 gratiam
1836 4028 2078 4108 potissi-

510 4124 701 4185 mein
730 4124 933 4203 primo
962 4122 1216 4197 auxilio,
1264 4122 1433 4202 quod
1470 4122 1554 4184 ad
1600 4122 2077 4203 concipiendam

508 4216 703 4279 fidem
750 4234 865 4279 seu
906 4217 1291 4278 voluntatem
1338 4215 1635 4279 credendi
1665 4216 1871 4291 datur,
1904 4214 2076 4295 quod

510 4317 737 4373 vocant
756 4311 1012 4391 justitiae
1039 4310 1321 4384 initium;
1358 4313 1421 4373 et
1447 4310 1568 4371 hoc
1609 4310 1797 4372 modo
1838 4315 2078 4391 negant

511 4405 755 4467 initium
770 4404 985 4465 salutis
1009 4422 1193 4484 posse
1218 4420 1357 4466 esse
1380 4420 1457 4465 ex
1479 4402 1684 4479 nobis,
1714 4409 2077 4483 negantque

512 4506 707 4562 totam
733 4498 1019 4578 gratiam,
1046 4503 1235 4578 prout
1254 4498 1319 4558 in
1346 4497 1455 4558 illo
1484 4497 1685 4577 primo
1710 4498 1942 4559 auxilio
1983 4498 2082 4559 in-

512 4593 799 4665 choatur,
826 4608 1011 4669 posse
1038 4590 1250 4669 aliquo
1284 4590 1473 4652 modo
1500 4590 1753 4653 fundari
1794 4591 1861 4651 in
1888 4589 2080 4651 meri-

511 4685 591 4747 tis
619 4684 879 4756 nostris;
914 4684 1085 4762 quod
1102 4700 1363 4745 necesse
1392 4690 1488 4747 est
1512 4684 1800 4765 intelligi,
1830 4702 1960 4745 non
1983 4703 2080 4746 so-

512 4778 645 4839 lum
680 4776 761 4839 de
802 4774 1024 4838 merito
1071 4776 1152 4838 de
1200 4776 1537 4859 condigno,
1600 4776 1713 4839 sed
1760 4778 1952 4839 etiam
1999 4777 2078 4839 de

514 4888 831 4951 congrum
881 4875 1017 4931 tum
1063 4870 1234 4949 quia,
1296 4873 1347 4933 si
1402 4871 1605 4933 solum
1642 4869 2080 4933 excluderetur

512 4964 808 5026 meritum
826 4961 907 5024 de
928 4962 1266 5043 condigno,
1292 4982 1421 5025 non
1451 4965 1655 5027 solum
1677 4962 1950 5044 primum
1973 4984 2082 5025 au-

514 5058 753 5130 xilium,
788 5056 903 5119 sed
926 5057 1117 5118 etiam
1144 5056 1591 5137 subsequentia
1618 5074 1821 5136 usque
1848 5057 1931 5119 ad
1950 5058 2082 5137 jus-

512 5150 919 5213 tificationem
947 5148 1249 5211 darentur
1264 5151 1398 5211 sine
1424 5150 1671 5224 merite,
1702 5169 1845 5213 cum
1866 5156 2082 5211 tamen

517 5244 927 5325 Augustinus,
961 5246 986 5304 1
1022 5245 1319 5319 Retract„
1350 5262 1488 5323 cap.
1514 5244 1619 5317 23,
1664 5243 1849 5304 simul
1878 5250 1942 5306 et
1970 5262 2083 5305 ne·

516 5342 623 5419 get
668 5336 915 5398 initium
968 5335 1115 5397 fidei
1159 5354 1297 5399 esse
1354 5356 1429 5399 ex
1480 5336 1685 5411 nobis,
1724 5342 1787 5399 et
1814 5338 2081 5399 affirmet

516 5430 811 5493 meritum
830 5429 1063 5510 abipsa
1088 5428 1215 5491 fide
1242 5430 1545 5505 inchoari,
1580 5436 1642 5491 et
1666 5430 1831 5492 dicta
1858 5432 2084 5511 episto-

523 5524 585 5585 la
625 5525 742 5585 105
763 5524 947 5598 dicat,
982 5541 1097 5602 per
1116 5522 1308 5585 fidem
1334 5538 1521 5605 posse
1548 5542 1663 5585 nos
1691 5524 1954 5605 gratiam
1983 5544 2084 5587 re-

1352 382 1563 437 OPUSC.
1600 385 1639 448 l,
1672 383 1791 435 mn.
1826 381 1911 435 111.
1947 380 2030 436 DE
2060 381 2336 436 Anxium
2365 381 2598 438 1)leAE
2628 381 2894 436 GRATIAE.

2157 483 2467 545 missionis
2489 488 2888 564 peccatorum
2907 480 3137 544 mereri
3155 499 3172 552 ς
3201 486 3332 541 tum
3357 481 3546 542 etiam
3563 482 3686 560 quia

2157 576 2641 658 Semipelagiani
2667 595 2794 638 non
2818 575 3137 656 ponebant
3161 575 3454 635 meritum
3473 573 3550 633 de
3569 593 3689 635 con-

2157 669 2348 749 digno
2377 671 2442 731 iu
2461 689 2538 731 eo
2567 687 2758 750 opere
2787 670 3091 742 humano,
3118 673 3377 748 propter
3403 667 3570 745 quod
3593 668 3684 729 ini·

2157 763 2313 824 tium
2338 763 2554 842 gratias
2593 781 2706 824 seu
2757 762 3030 842 primum
3069 761 3372 822 auxilium
3419 760 3554 820 dari
3587 762 3690 822 aie-

2155 855 2330 919 bant.
2365 856 2540 920 Unde
2567 875 2698 916 non
2725 855 3020 918 dicebant
3049 854 3188 917 dari
3215 872 3292 916 ex
3312 853 3574 932 justitia,
3601 857 3690 915 sed

2156 969 2233 1013 ex
2255 949 2706 1023 misericordia,
2731 934 3094 1030 quanquam
3115 965 3230 1028 per
3257 953 3606 1026 respectum
3627 949 3692 1008 ad

2155 1045 2430 1123 aliquem
2455 1043 2739 1106 laborem
2787 1047 3074 1104 nostrum
3115 1041 3218 1102 vel
3249 1033 3566 1115 conatum,
3599 1060 3692 1102 seu

2157 1139 2238 1200 ad
2271 1139 2658 1200 voluntatem
2699 1141 2762 1198 et
2801 1134 3184 1198 desiderium
3225 1133 3550 1194 obtinendi
3577 1151 3694 1212 gra-

2155 1234 2304 1295 tiam
2334 1233 2434 1294 vel
2455 1232 2786 1312 justitiam,
2809 1235 3124 1309 quatenus
3152 1227 3388 1290 viribus
3417 1227 3587 1288 liberi
3615 1247 3694 1288 ar-

2155 1325 2320 1388 bitrii
2369 1325 2588 1388 haberi
2615 1329 2824 1404 potest
2847 1327 2994 1384 ante
3021 1339 3276 1383 omnem
3313 1321 3578 1400 gratiam
3595 1366 3610 1392 ,
3643 1329 3696 1382 ut

2157 1420 2424 1482 sumitur
2447 1437 2527 1480 ex
2549 1418 2874 1490 Cassiano,
2889 1415 3000 1477 lib.
3027 1416 3105 1477 12
3123 1413 3202 1475 de
3216 1413 3418 1474 Instit.
3437 1413 3693 1484 Coenob.,

2157 1531 2298 1593 cap.
2333 1514 2411 1574 u
2443 1517 2506 1574 et
2529 1527 2738 1590 seqq.,
2765 1509 2916 1570 etin
2941 1507 3158 1570 Collat.
3195 1507 3290 1568 13.
3333 1507 3412 1567 Et
3438 1505 3556 1566 hoc
3583 1523 3694 1565 sen·

2157 1625 2232 1668 su
2251 1606 2340 1670 ait
2365 1604 2754 1686 Augustinus
2777 1619 2968 1682 soepe,
3005 1599 3272 1684 qratiam
3295 1596 3461 1661 nim
3481 1599 3696 1661 humani

2155 1698 2362 1764 metti
2385 1699 2752 1784 ,προσάψω
2791 1700 2975 1756 vocat
3007 1694 3176 1756 enim
3201 1693 3552 1753 humanum
3593 1710 3698 1752 me·

2157 1795 2365 1868 ritum,
2409 1790 2564 1854 illud
2581 1789 2754 1870 quod
2777 1789 2912 1850 sine
2940 1787 3068 1848 ulla
3099 1786 3302 1867 gratia
3329 1783 3696 1864 praesumitur

2159 1905 2238 1948 ex
2265 1885 2398 1947 sola
2436 1885 2747 1954 libertate,
2791 1889 2862 1944 ut
2901 1885 3073 1961 patet
3113 1897 3192 1941 ex
3227 1877 3412 1939 dictis
3455 1878 3694 1956 epistolis

2157 1987 2224 2043 et
2249 1979 2361 2041 lib.
2393 1977 2475 2040 de
2507 1977 2677 2040 Grat.
2711 1981 2778 2038 et
2823 1975 2934 2036 111).
2977 1973 3140 2046 arb„
3183 1991 3321 2052 cap.
3351 1971 3420 2032 6.
3477 1974 3538 2032 et
3561 1989 3688 2050 seq,

2159 2079 2222 2136 et
2273 2071 2453 2153 proef.
2511 2071 2576 2132 in
2633 2068 2862 2132 Psalm.
2927 2069 2999 2130 31
3033 2085 3052 2139 ς
3123 2071 3188 2128 et
3250 2064 3484 2126 eodem
3535 2082 3692 2125 sensu

2157 2167 2540 2246 scripserunt
2593 2170 2811 2226 contra
2863 2162 3032 2224 hunc
3089 2176 3370 2222 errorem
3437 2158 3686 2238 Prosper,

2155 2261 2266 2322 lib.
2299 2266 2467 2322 cont.
2499 2259 2744 2332 Collat.,
2779 2262 2842 2320 et
2862 2253 3248 2336 Fulgentius,
3279 2253 3393 2312 lib.
3419 2252 3500 2313 de
3521 2253 3692 2313 Incar-

2155 2361 2287 2416 nat.
2321 2359 2386 2415 et
2412 2359 2600 2434 grat.,
2647 2371 2788 2432 cap.
2832 2353 2932 2426 12,
2977 2351 3077 2421 13,
3111 2349 3211 2422 17,
3245 2354 3307 2408 et
3335 2347 3554 2408 Petrus
3577 2347 3693 2408 Dia-

2155 2467 2378 2522 conus,
2402 2447 2544 2510 libr.
2575 2445 2658 2508 de
2689 2445 2860 2508 Grat.
2894 2450 2958 2506 et
2997 2443 3103 2504 lib.
3139 2441 3349 2514 arbit„
3389 2459 3528 2519 cap.
3553 2441 3618 2511 8;
3645 2447 3691 2500 et

2155 2543 2490 2606 damnatur
2509 2560 2547 2602 a
2582 2541 2791 2603 Leone
2813 2539 2982 2618 Papa
3007 2555 3222 2616 supra,
3255 2541 3320 2597 et
3363 2534 3686 2608 Coelestino,

2157 2637 2336 2716 epist.
2371 2637 2445 2708 1;
2481 2639 2544 2696 et
2581 2633 2650 2694 iu
2691 2631 2964 2694 Concilio
3014 2629 3408 2692 Arausicano
3447 2627 3523 2703 Π,
3557 2633 3611 2687 et
3641 2626 3692 2686 in

2159 2728 2544 2801 Tridentino,
2567 2743 2724 2787 sess.
2754 2726 2819 2801 6,
2867 2741 3005 2804 cap.
3039 2725 3100 2810 ,5-

2157 2927 2534 3012 Explicatur
2583 2925 2976 3008 quormndam
3027 2921 3549 2988 Scholasticomn
3584 2937 3692 2982 ses·

2239 3019 2558 3179 ἱῖἷξῗῶἒε
2584 3037 2718 3083 eum
2753 3015 3380 3100 Smipaaqianomm
3413 3031 3604 3078 erroro
3619 3014 3692 3075 111-

2243 3289 2305 3350 6.
2353 3288 2488 3349 Non
2519 3286 2804 3348 omittam
2833 3288 3044 3345 autem
3075 3282 3198 3343 hoc
3211 3282 3348 3343 loco
3369 3281 3688 3351 advertere,

2160 3380 2465 3461 quosdam
2487 3378 2904 3441 Scholasticos
2925 3375 3250 3448 Doctores,
3264 3393 3392 3435 uon
3417 3372 3690 3453 ignobiles

2158 3480 2268 3536 aut
2302 3472 2682 3535 recentiores
2731 3476 3000 3544 tantum,
3025 3468 3142 3529 sed
3181 3468 3369 3529 etiam
3413 3482 3622 3545 graves
3645 3470 3690 3524 et

2159 3568 2450 3646 antiquos
2479 3565 2500 3643 (
2527 3567 2600 3627 D.
2631 3565 2904 3626 Thomas
2949 3563 3016 3623 in
3058 3563 3122 3635 2,
3164 3562 3227 3622 d.
3259 3562 3362 3633 28,
3407 3564 3617 3639 quaest.
3643 3561 3687 3629 1,

2159 3660 2401 3723 articul.
2433 3662 2517 3732 43
2573 3659 2750 3720 Alex.
2795 3657 3039 3731 Alana„
3075 3658 3114 3717 3
3153 3660 3342 3733 ρει-1,,
3369 3656 3583 3733 quoest.
3609 3651 3688 3721 61,

2158 3772 2350 3816 mem.
2377 3756 2439 3828 5,
2463 3760 2578 3813 art.
2609 3752 2696 3830 3),
2719 3747 3008 3811 docuisse
3038 3766 3224 3827 posse
3253 3747 3570 3809 hominem
3603 3762 3690 3824 per

2159 3848 2324 3909 vires
2375 3852 2618 3907 naturae
2659 3842 2894 3923 aliquid
2949 3842 3196 3903 efficere
3217 3888 3232 3916 ,
3286 3859 3414 3922 quo
3457 3839 3690 3920 primum

2163 3940 2376 4022 gratioe
2403 3939 2706 4001 auxilium
2740 3955 2854 3999 seu
2889 3937 3158 4015 primam
3185 3936 3573 3997 vocationem
3606 3930 3690 3991 ob-

2159 4037 2394 4107 tineat;
2449 4039 2638 4113 atque
2682 4030 2770 4093 ita
2819 4029 3182 4110 exposuisse
3225 4027 3378 4089 illud
3425 4028 3686 4088 axioma:

2155 4125 2436 4193 Facionti
2451 4126 2611 4208 quod
2631 4125 2701 4186 in
2725 4141 2791 4188 se
2818 4128 2932 4196 est,
2965 4124 3132 4185 Dm
3159 4140 3281 4183 non
3303 4122 3554 4202 denegat
3573 4134 3691 4202 yra-

2157 4222 2330 4295 tiam,
2361 4219 2443 4281 de
2469 4218 2572 4279 illo
2603 4217 2710 4296 qui
2746 4234 2860 4297 per
2891 4215 3058 4277 vires
3083 4213 3262 4276 liberi
3291 4214 3528 4275 arbitrii
3553 4208 3690 4291 quod

2158 4314 2223 4374 in
2251 4330 2320 4375 se
2349 4319 2444 4374 est
2467 4310 2636 4373 facit.
2671 4310 2800 4373 Sed
2839 4310 3067 4371 horum
3096 4307 3554 4387 Theologorum
3575 4322 3690 4365 sen-

2157 4405 2352 4467 tentia
2383 4405 2484 4485 pie
2515 4402 2884 4483 explicanda
2911 4408 3030 4476 est,
3063 4407 3128 4463 et
3155 4418 3284 4461 non
3325 4401 3534 4461 statim
3573 4414 3690 4459 cum

2160 4498 2806 4579 semipelagianorum
2835 4514 3046 4559 errore
3086 4495 3500 4569 involvenda;
3532 4494 3691 4555 habet

2161 4594 2330 4657 enim
2385 4594 2772 4655 catholicum
2799 4610 3080 4665 sensum,
3126 4592 3413 4671 quamvis
3463 4590 3688 4651 fot-tasse

2161 4687 2551 4749 commodius
2580 4686 2910 4766 magisque
2927 4685 3063 4745 sine
3107 4685 3436 4745 occasione
3461 4688 3562 4743 aut
3579 4699 3688 4741 ves-

2157 4780 2310 4860 tigio
2339 4780 2714 4860 suspicionis
2743 4784 2956 4859 posset
2989 4778 3125 4839 aliis
3152 4776 3360 4838 verbis
3393 4774 3683 4838 declarari.

2159 4874 2548 4939 studuerunt
2575 4892 2726 4953 ergo
2749 4873 2818 4933 hi
2845 4871 3132 4933 doctores
3155 4871 3476 4945 Catholici,
3507 4876 3568 4930 ut
3587 4865 3689 4928 suf·

2159 4966 2500 5029 ficientiam
2515 4972 2580 5029 et
2601 4966 3046 5028 necessitatem
3072 4965 3288 5044 gratiae
3303 4964 3683 5032 declararent,

2159 5060 2442 5121 invenire
2473 5060 2731 5121 modum
2771 5076 2897 5140 quo
2923 5058 3004 5120 sit
3029 5058 3094 5119 in
3122 5064 3427 5138 potestate
3455 5054 3688 5117 hominis

2161 5153 2396 5215 habere
2425 5151 2619 5227 illam,
2645 5153 2832 5214 etiam
2849 5150 3060 5231 quoad
3087 5150 3359 5230 primum
3387 5149 3682 5213 auxilium

2163 5248 2310 5327 quia
2345 5246 2578 5326 alioqui
2617 5264 2746 5308 non
2775 5251 3039 5326 apparet
3063 5244 3380 5324 quomodo
3415 5245 3492 5304 sit
3511 5244 3567 5302 in
3601 5258 3686 5319 po·

2163 5345 2386 5402 testate
2417 5338 2581 5401 illius
2621 5340 2888 5401 salutem
2921 5338 3226 5411 obtinere,
3274 5338 3324 5398 si
3350 5354 3476 5397 non
3517 5340 3599 5396 est
3637 5333 3686 5390 in

2165 5438 2476 5513 potestate
2521 5431 2686 5495 illius
2739 5450 2881 5495 eam
2941 5432 3258 5495 inchoare.
3321 5432 3520 5509 Atque
3571 5428 3686 5487 hinc

2167 5529 2550 5607 supponunt,
2593 5524 2658 5587 id
2687 5525 2857 5605 quod
2891 5523 3306 5587 certissimum
3330 5529 3446 5592 est,
3477 5524 3682 5587 Deum,
