3850 6225
548 396 667 457 524

548 500 899 565 nestissime
926 500 1049 563 illis
1078 503 1201 575 uti;
1234 502 1387 581 quid
1412 520 1563 582 ergo
1598 502 1687 564 illi
1716 502 1897 565 deest
1931 502 2016 564 ad
2043 504 2112 565 li·

548 594 964 668 beralitatem,
998 596 1186 657 etiam
1212 602 1397 675 prout
1423 596 1489 657 in
1526 595 1649 679 hac
1690 596 1952 657 materia
1975 616 2113 659 ver·

550 692 763 751 satur?

629 784 731 843 27.
762 781 1183 845 liberalitatis
1212 802 1268 845 m
1276 780 1533 845 ater-iam
1570 798 1690 844 m
1718 800 1845 845 sese
1870 788 2114 847 tantum

540 873 853 955 pecunias,
898 874 1219 957 probatur.
1265 908 1348 921 —
1404 872 1569 949 Quia
1616 875 1687 938 de
1716 876 1822 939 laec
1856 874 2116 939 amm&

548 965 929 1033 Aristoteles.
954 998 1039 1013 —
1065 967 1241 1030 Addo
1270 987 1419 1029 vcro
1448 968 1767 1048 propriam
1798 974 1859 1031 et
1886 968 2116 1033 forma·

548 1060 677 1121 lem
705 1059 1136 1123 liberalitatem
1168 1079 1292 1121 non
1324 1060 1575 1122 limitari
1596 1060 1678 1122 ad
1706 1061 2006 1141 pecunias
2029 1062 2114 1123 ita

550 1153 951 1215 materialiter
978 1152 1345 1228 intellectas,
1388 1161 1457 1215 ut
1492 1153 1579 1215 illi
1610 1161 1897 1217 auctores
1918 1155 2114 1235 signi-

548 1244 759 1321 ficant,
788 1252 853 1307 et
896 1246 1239 1309 Aristotelis
1280 1246 1473 1309 verba
1510 1264 1735 1309 sonare
1776 1249 2106 1323 videntum

548 1356 723 1407 nam.
754 1338 804 1399 si
838 1338 1175 1401 liberaliter
1202 1338 1439 1402 donare
1462 1341 1797 1419 pecuniam
1834 1348 1930 1403 est
1953 1360 2113 1422 opus

548 1432 829 1506 virtutis,
886 1450 997 1493 cur
1054 1433 1245 1494 etiam
1298 1450 1427 1495 non
1472 1434 1589 1495 etit
1631 1434 1823 1515 gratis
1872 1435 2111 1498 donare

550 1542 1013 1605 quamcumque
1044 1544 1181 1587 rem
1212 1526 1403 1587 aliam
1430 1527 1505 1605 (si
1546 1528 1697 1606 quid
1732 1527 1988 1591 tandem
2019 1534 2114 1591 est

550 1618 721 1698 quod
735 1618 1025 1681 homines
1042 1618 1158 1682 sibi
1178 1627 1397 1681 mutuo
1408 1620 1646 1683 donare
1661 1620 1923 1701 possint,
1941 1622 2114 1701 quod

550 1730 679 1773 non
698 1712 777 1775 sit
794 1713 1061 1793 pecunia
1080 1713 1507 1793 aestimabile)2
1528 1713 1707 1785 Quod
1728 1715 1782 1775 si
1794 1714 1861 1775 in
1880 1714 2112 1795 gratui-

550 1810 615 1867 ta
641 1804 979 1868 donatione
1000 1806 1269 1888 alicujus
1292 1808 1389 1869 rei
1406 1808 1563 1869 ratio
1586 1808 1829 1869 virtutis
1846 1808 2112 1871 inveniri

548 1904 775 1978 potest,
820 1899 973 1961 nibil
1004 1902 1192 1963 etiam
1228 1900 1413 1963 video
1442 1920 1555 1963 cur
1582 1901 1687 1963 illa
1726 1902 2114 1965 liberalitatis

550 1993 945 2055 honestatem
966 1997 1091 2055 non
1114 1991 1461 2075 participet.
1492 1998 1567 2057 Et
1594 1995 1851 2075 quidem
1878 1997 2114 2057 Aristo·-

552 2086 707 2149 teles
742 2088 1007 2149 fortasse
1046 2107 1173 2149 non
1216 2089 1514 2151 intellexit
1548 2108 1749 2151 unum
1790 2090 2112 2152 hominem

550 2198 737 2261 posse
792 2182 1030 2244 donare
1082 2182 1283 2255 alteri,
1316 2182 1435 2244 nisi
1482 2184 1581 2245 vel
1636 2184 1958 2264 pecunias.
2012 2185 2112 2245 vel

552 2274 788 2354 aliquid
808 2276 1075 2355 pecunia
1096 2276 1483 2348 aestimabile,
1516 2284 1577 2337 et
1602 2276 1747 2339 ideo
1772 2277 2114 2339 liberalita-

552 2367 630 2429 tis
680 2369 1011 2430 materiam
1066 2370 1237 2431 illam
1289 2386 1426 2431 esse
1478 2368 1653 2431 dixit.
1719 2371 1847 2431 Nec
1894 2377 2112 2431 tamen

550 2460 739 2523 credo
770 2462 1113 2541 ignorasse,
1158 2481 1343 2542 posse
1394 2480 1591 2523 unum
1641 2462 1962 2523 hominem
1999 2462 2115 2523 do-

552 2570 697 2617 cere
720 2554 937 2627 alium,
964 2556 1063 2617 vel
1092 2556 1261 2617 aliud
1286 2574 1447 2637 opus
1488 2556 1727 2618 consilii
1762 2561 1873 2617 aut
1898 2556 2112 2617 auxilii

554 2653 869 2727 proestare.
896 2650 1021 2711 Nec
1044 2656 1329 2729 negaret,
1362 2650 1605 2729 opinor,
1636 2651 1753 2711 has
1782 2668 2030 2729 operae,
2061 2651 2112 2712 si

554 2742 823 2822 gratuito
862 2741 1039 2817 fiant,
1070 2761 1255 2823 posse
1294 2760 1433 2805 esse
1472 2744 1803 2805 materiam
1846 2743 2118 2805 liberali-

552 2834 715 2907 tatis;
748 2854 861 2897 cur
888 2835 1057 2897 enim
1100 2854 1231 2899 non
1272 2840 1401 2897 tam
1432 2836 1495 2897 in
1540 2836 1637 2898 bis
1662 2836 1889 2898 dandis
1924 2855 2120 2916 quam

554 2928 618 2989 in
648 2928 927 3008 pecuniis
964 2929 1303 2993 liberalitas
1348 2932 1783 2993 exercebitur?
1828 2932 1986 2992 Nam
2019 2932 2118 2993 his

554 3022 1058 3102 etiam'operibus
1086 3024 1247 3085 bene
1278 3024 1365 3087 uti
1388 3026 1553 3087 circa
1580 3024 1759 3097 aliea,
1790 3026 1992 3087 solum
2037 3044 2118 3087 ex

556 3117 675 3180 hoc
714 3117 947 3180 motivo
990 3119 1275 3199 gratuito
1312 3125 1377 3182 et
1415 3121 1694 3182 honestas
1732 3120 2113 3197 donationis,

552 3211 829 3274 officium
856 3218 951 3274 est
978 3212 1241 3292 alicujus
1268 3213 1529 3285 virtutis,
1558 3231 1699 3292 quus
1744 3232 1871 3274 non
1910 3217 2118 3293 potest

556 3322 695 3366 esse
724 3304 873 3380 alia,
914 3304 1033 3366 nisi
1060 3305 1417 3368 liberalitas.
1452 3305 1577 3370 Sed
1602 3306 1861 3377 diceret,
1886 3314 1956 3368 ut
1983 3325 2119 3368 cre-

554 3397 662 3469 do,
701 3397 1063 3460 Aristoteles
1102 3399 1237 3460 haic
1274 3400 1485 3461 omnia
1534 3417 1673 3461 esse
1714 3399 1915 3478 pretio
1953 3401 2120 3462 oesti-

555 3490 833 3563 mabilia,
880 3493 1031 3570 quia
1066 3511 1233 3554 unus
1282 3495 1473 3556 bomo
1514 3511 1633 3554 nec
1672 3493 1905 3573 praebet
1935 3493 2116 3556 alteri

556 3583 879 3646 scientiam
908 3603 1113 3659 suam,
1144 3605 1263 3648 nec
1308 3586 1557 3666 proprie
1587 3605 1661 3648 ac
1690 3605 1805 3666 per
1824 3605 1897 3650 se
1924 3586 2118 3649 donat

558 3678 645 3740 illi
672 3677 995 3740 scientiam
1026 3698 1219 3759 quam
1262 3681 1547 3760 acquirit,
1576 3681 1691 3742 sed
1718 3687 1978 3742 externo
2005 3681 2118 3742 ali-

556 3788 681 3850 quo
710 3771 1053 3834 ministerio
1086 3773 1261 3834 illum
1292 3774 1492 3854 juvat,
1534 3779 1603 3836 ut
1630 3775 1765 3853 ipse
1794 3773 2112 3846 addiscat;

558 3865 729 3945 quod
770 3865 1183 3928 ministerium
1230 3886 1347 3948 per
1394 3885 1463 3929 se
1506 3867 1705 3947 pretio
1752 3867 2118 3930 aestimabile

558 3963 679 4030 est;
730 3963 794 4020 et
836 3958 957 4020 boc
996 3960 1201 4040 ipsum
1248 3965 1536 4022 censeret
1572 3958 1775 4040 quivis
1812 3959 2120 4021 naturalis

558 4051 993 4132 Philosophus,
1022 4071 1135 4114 seu
1166 4053 1355 4115 homo
1386 4053 1673 4132 politicus
1706 4051 1787 4114 de
1814 4069 2120 4131 quacum-

556 4163 681 4225 que
734 4145 1041 4206 bonorum
1098 4147 1663 4208 communicatione
1692 4191 1709 4218 ‚
1767 4163 1907 4225 quoe
1957 4145 2120 4206 inter

554 4237 845 4300 homines
866 4257 1007 4301 esse
1036 4239 1251 4318 possit,
1280 4239 1547 4318 ideoque
1572 4243 1765 4301 totam
1788 4239 2120 4300 materiam

558 4330 945 4394 liberalitatis
973 4332 1093 4393 illis
1126 4331 1425 4393 limitibus
1452 4331 1923 4411 comprehendi.
1965 4331 2122 4391 Cum

558 4441 685 4504 quo
712 4425 981 4506 quadrat
1014 4425 1247 4506 optime
1282 4425 1449 4503 quod
1498 4427 1568 4486 D.
1623 4425 1919 4495 Thomas,
1955 4424 2114 4486 -dict,

558 4519 887 4598 quaestion.
939 4521 1077 4591 117,
1114 4519 1289 4580 artic.
1322 4521 1384 4592 2,
1429 4519 1509 4581 ad
1550 4521 1615 4584 Ξ.
1664 4519 1845 4580 affert
1886 4535 1966 4578 ex
1995 4519 2124 4578 Au-

559 4613 831 4690 gustino.
878 4611 985 4674 lib.
1040 4611 1121 4673 de
1174 4611 1511 4692 Disciplina
1558 4611 1773 4672 Christi
1797 4655 1813 4680 ,
1856 4627 1998 4688 cap.
2025 4610 2114 4670 6:

560 4703 781 4768 Totum
824 4703 1119 4784 quidquid
1154 4704 1419 4768 homines
1464 4705 1777 4786 possident
1818 4703 1885 4764 in
1926 4706 2118 4776 terra,

558 4795 759 4860 omnia
786 4813 1035 4877 qaorum
1068 4797 1295 4860 aonam
1330 4803 1498 4871 unt,
1538 4797 1802 4877 pecunia
1846 4801 2116 4860 vocatur.

558 4891 637 4952 Et
688 4888 831 4950 ideo
882 4889 1117 4950 ibidem
1170 4890 1443 4952 insinuat
1496 4889 1883 4970 Augustinus
1933 4907 2124 4968 pecu-

559 4983 730 5046 niam
759 4983 821 5043 in
848 4981 969 5044 hoc
996 5000 1187 5044 sensu
1214 5001 1353 5044 esse
1398 4983 1725 5046 materiam
1772 4982 2125 5044 misericor-

558 5075 699 5148 dia,
732 5093 925 5156 quam
974 5093 1139 5137 unus
1186 5077 1377 5138 bomo
1426 5095 1575 5157 erga
1626 5075 1895 5137 alterum
1947 5093 2126 5136 exer-

560 5187 705 5232 cere
732 5176 959 5250 potest.

640 5265 741 5328 28.
772 5264 1141 5330 liberalitas
1166 5271 1224 5330 ot
1248 5263 1667 5328 misericordia
1687 5264 1968 5345 quomodo
1991 5280 2124 5328 eon·

558 5359 805 5424 sumt
828 5364 888 5422 ot
913 5358 1073 5422 inter
1098 5376 1162 5423 so
1188 5358 1499 5439 differant.
1528 5389 1613 5404 —·
1636 5355 1786 5421 Alia
1804 5353 2128 5433 facilitat-

547 5454 737 5534 jectt'o
764 5453 1047 5518 ausim.
1084 5483 1169 5500 —-
1202 5454 1281 5514 At
1316 5469 1467 5514 vero
1496 5469 1613 5514 nos
1632 5496 1649 5524 ,
1700 5451 1803 5530 qui
1832 5450 2128 5530 intelligi-

560 5565 703 5610 mus
728 5545 1013 5608 altiorem
1042 5563 1183 5608 esse
1212 5563 1395 5625 posse
1438 5545 1601 5608 inter
1630 5543 1922 5606 homines
1960 5561 2126 5604 com-

1488 401 1701 455 DPUSC.
1736 402 1817 455 Vl.
1862 400 2232 455 mseuwmo
2263 402 2346 455 DE
2375 401 2652 457 lusura
2685 400 2806 455 am.

2193 503 2680 565 manicationem
2699 503 3032 575 bonorum,
3057 520 3250 581 quam
3271 502 3354 562 sit
3375 501 3608 560 horum
3631 518 3762 562 ma-

2191 596 2526 669 terialium,
2557 603 2620 657 et
2643 596 2910 675 pecunia
2933 595 3424 665 aestimabilium,
3455 599 3756 671 quatenus

2191 690 2340 752 talia
2367 696 2532 761 sunt,
2566 688 2913 767 intelligere
2943 690 3128 749 etiam
3159 688 3477 749 debemus
3497 686 3756 747 liberali-

2193 790 2388 845 tatem
2435 782 2847 845 Christianam
2897 781 3164 843 infusam
3211 788 3274 843 et
3317 786 3758 859 supernatura-

2192 876 2356 953 lem,
2397 876 2632 937 babere
2665 876 2994 937 materiam
3019 874 3420 954 ampliorem,
3463 891 3658 951 quam
3689 874 3758 933 sit

2193 968 2460 1051 pecunia
2491 970 2560 1029 in
2601 968 2710 1030 illo
2755 969 2946 1029 etiam
2985 986 3172 1029 seusu
3211 966 3582 1037 intellecta;
3625 968 3760 1043 quia

2195 1070 2402 1143 potest
2433 1080 2598 1125 unus
2637 1064 2826 1124 homo
2869 1062 3139 1141 gratuito
3167 1061 3352 1122 alteri
3391 1060 3640 1121 donare
3667 1079 3761 1120 res

2194 1157 2450 1219 alterius
2489 1156 2726 1218 ordinis
2767 1162 2832 1218 et
2867 1156 3294 1217 aestimationis
3327 1156 3363 1227 ,⁹
3399 1172 3604 1233 quam
3649 1154 3762 1215 sint

2193 1252 2496 1331 pecunioe,
2554 1250 2728 1313 verbi
2779 1250 3000 1330 gratia,
3047 1266 3240 1329 opera
3297 1266 3417 1309 sua
3463 1248 3756 1322 studiosa,

2193 1350 2504 1425 quatenus
2553 1348 2702 1405 sunt
2749 1342 3158 1404 satisfactoria
3205 1360 3423 1403 eoram
3477 1342 3614 1402 Deo
3639 1386 3656 1415 ,
3707 1348 3762 1403 et

2195 1444 2508 1519 quatenus
2567 1442 2714 1499 sunt
2771 1436 3200 1517 impeti-storia
3237 1456 3254 1509 ;
3309 1442 3526 1515 potest
3583 1436 3760 1495 etiam

2195 1550 2361 1593 unus
2411 1530 2586 1593 alteri
2633 1530 2874 1591 donare
2909 1528 3314 1603 beneficium,
3359 1528 3468 1589 vel
3505 1528 3760 1589 alteram

2195 1644 2335 1687 rem
2361 1624 2774 1704 spiritualem,
2791 1640 2934 1703 quae
2951 1627 3024 1684 ut
3045 1622 3186 1683 talis
3214 1628 3334 1697 est,
3359 1622 3638 1703 Rea-unia
3657 1640 3762 1681 εε-

2193 1718 2486 1782 timabilis
2509 1736 2638 1779 non
2665 1722 2782 1778 est.
2813 1718 2913 1779 Sic
2937 1716 3128 1778 etiam
3151 1717 3458 1778 Summus
3485 1716 3760 1777 Pontifex

2194 1812 2454 1892 intelligi
2483 1817 2686 1891 potest
2711 1809 2986 1871 liberalis
3013 1810 3078 1870 in
3105 1808 3544 1871 concedendis
3569 1809 3760 1869 indul-

2193 1906 2442 1983 gentiis,
2475 1910 2780 1984 quantum
2809 1903 3074 1965 honeste
3099 1908 3325 1981 potest.
3359 1902 3656 1981 Denique
3681 1910 3762 1980 {ut

2197 2017 2322 2061 uno
2348 2000 2542 2061 verbo
2570 1998 2800 2074 dicam)
2843 2002 3043 2057 totum
3083 1995 3170 2071 id,
3203 1995 3375 2074 quod
3419 2002 3636 2074 potest
3673 2015 3762 2055 es·-

2191 2110 2262 2155 se
2309 2092 2572 2153 materia
2621 2088 3086 2161 misericordiae,
3127 2094 3337 2167 potest
3379 2088 3582 2150 etiam
3635 2106 3759 2149 esse

2191 2186 2456 2249 materia
2485 2184 2868 2247 liberalitatis
2905 2202 2924 2255 ς
2973 2200 3122 2243 nam
3165 2184 3266 2243 ha».
3313 2183 3464 2243 duae
3511 2184 3760 2243 virtutes

2191 2282 2256 2343 in
2289 2280 2482 2362 gratis
2513 2278 2808 2341 donando
2841 2277 3312 2338 similitudinem
3347 2276 3618 2337 habent.
3659 2276 3762 2335 Dif-

2191 2375 2404 2437 ferunt
2427 2380 2661 2445 tamen,
2709 2370 2878 2451 quod
2907 2368 3338 2431 misericordia
3363 2369 3630 2447 respicit
3655 2370 3760 2429 mi-

2193 2468 2424 2529 seriam
2447 2512 2464 2539 ,
2509 2484 2622 2529 seu
2649 2464 3088 2527 necessitatem
3117 2480 3412 2541 personae
3445 2462 3548 2521 cui
3579 2459 3758 2521 dona-

2193 2567 2326 2633 tur3
2367 2558 2706 2619 liberalitas
2733 2570 2884 2619 vero
2921 2556 3126 2617 solum
3151 2556 3412 2633 respicit
3437 2554 3678 2615 bonum
3705 2562 3758 2615 et

2195 2654 2536 2735 gratuitum
2563 2670 2752 2713 usum
2785 2650 2924 2731 ejus
2959 2649 3050 2709 rei
3087 2666 3228 2727 que
3263 2648 3572 2718 donatur,
3609 2656 3668 2709 et
3687 2649 3758 2707 ab

2197 2746 2544 2809 intentione
2593 2744 2800 2806 omnis
2849 2742 3080 2822 proprii
3117 2741 3440 2803 commodi
3482 2742 3754 2801 liberum.

2199 2840 2376 2905 Unde
2425 2838 2626 2901 obiter
2669 2836 3038 2915 intelligitur
3071 2852 3262 2913 quam
3307 2834 3392 2894 sit
3433 2834 3638 2895 facilis
3667 2835 3759 2895 ob-

2191 2932 2406 3014 jectio,
2441 2948 2580 3011 quo
2611 2931 2712 2991 bic
2745 2929 2828 2989 ab
2855 2928 2996 2989 aliis
3021 2927 3128 2999 flu
3165 2927 3316 3006 quia
3347 2926 3400 2987 si
3429 2926 3757 2987 liberalitas
3822 3012 3823 3019 ἵ

2199 3026 2448 3107 proprie
2491 3028 2848 3085 versaretur
2885 3022 2950 3081 in
2979 3021 3262 3093 scientia,
3287 3020 3394 3081 vel
3433 3020 3580 3081 aliis
3605 3020 3760 3100 spiri-
3822 3020 3823 3053 l

2195 3121 2468 3182 tualibus
2483 3117 2664 3180 bonis
2681 3115 3244 3189 communicandis,
3267 3115 3368 3176 vel
3389 3114 3544 3176 dnae
3567 3123 3756 3175 essent

2196 3212 2598 3274 liberalitates
2633 3209 3083 3272 comatuendae
3125 3209 3190 3269 in
3217 3208 3432 3280 nobis,
3465 3209 3576 3270 vel
3609 3215 3756 3270 certe

2197 3306 2464 3386 pecunia
2499 3323 2628 3367 non
2655 3310 2824 3366 esset
2847 3303 3177 3382 adaequata
3201 3303 3482 3364 materia
3505 3303 3755 3364 liberali-

2195 3399 2361 3462 tatis.
2405 3397 2752 3462 Dicendum
2781 3404 2882 3458 est
2907 3399 3078 3458 enim
3097 3413 3230 3457 non
3259 3413 3404 3457 esse
3433 3395 3626 3468 duas,
3663 3397 3754 3457 sed

2195 3509 2388 3554 unam
2408 3536 2425 3563 ,
2469 3491 2626 3554 sicut
2663 3495 2762 3552 est
2795 3509 2924 3551 una
2963 3489 3398 3550 misericordia
3429 3509 3448 3560 ;
3501 3490 3664 3550 sicut
3685 3497 3754 3549 ta-

2195 3605 2344 3648 men
2397 3586 2530 3646 haec
2563 3601 2693 3645 non
2747 3584 2896 3644 solis
2941 3581 3234 3644 subvenit
3285 3582 3750 3644 necessitatibus

2197 3677 2624 3759 corporalibus
2645 3721 2664 3748 ,
2707 3675 2822 3738 sed
2851 3675 3280 3756 spiritualibus
3323 3675 3550 3744 etiam,
3591 3675 3748 3753 idque

2199 3791 2328 3834 non
2371 3777 2614 3832 tantum
2653 3767 3014 3830 adhibendo
3043 3768 3252 3830 media
3295 3769 3578 3847 pecunia
3615 3769 3750 3828 sesti-

2199 3864 2452 3926 mabilia
2475 3909 2492 3936 ,
2537 3861 2652 3924 sed
2677 3863 2866 3924 etiam
2907 3861 3276 3924 excedentia
3305 3861 3478 3924 hanc
3507 3863 3750 3923 aestima-
3820 3873 3821 3886 *

2197 3959 2436 4022 tionem
2459 4001 2477 4030 ,
2507 3962 2578 4016 ut
2603 3961 2748 4016 sunt
2777 3954 3124 4034 spiritualia
3151 3973 3168 4027 ;
3207 3955 3294 4016 ita
3325 3954 3526 4017 etiam
3553 3955 3748 4016 libera·

2197 4051 2361 4122 litas,
2391 4054 2562 4112 recte
2589 4053 2652 4109 et
2677 4047 3134 4114 altio-'lumine
3153 4047 3504 4121 intellecta,
3525 4049 3588 4108 in
3607 4053 3752 4108 utsu-

2199 4159 2468 4221 rumque
2487 4141 2798 4202 bonorum
2827 4139 3166 4204 donatione
3197 4147 3513 4202 versatur.
3559 4141 3748 4218 Neque

2201 4234 2562 4300 Aristoteles
2589 4234 2654 4296 in
2683 4234 2802 4294 boc
2829 4231 2948 4292 fuit
2971 4233 3328 4294 contrarius
3353 4279 3371 4304 ‚
3413 4233 3532 4294 sed
3559 4234 3652 4294 vel
3675 4233 3750 4292 di·

2199 4329 2500 4400 minutus,
2533 4327 2678 4406 quia
2703 4344 2832 4388 non
2863 4325 3168 4388 intellexit
3185 4327 3308 4388 nisi
3333 4327 3748 4388 liberalitatem

2197 4421 2588 4502 acquisitam,
2615 4419 2712 4480 vel
2731 4425 2901 4480 certe
2923 4419 3220 4498 explicuit
3239 4419 3416 4480 illam
3443 4421 3746 4480 materiam

2199 4533 2314 4594 per
2345 4533 2450 4576 res
2485 4513 2756 4576 maxime
2783 4512 3135 4586 sensibiles,
3179 4519 3250 4574 ut
3273 4531 3392 4593 per
3431 4515 3750 4592 proportio-

2199 4627 2348 4672 nem
2385 4610 2468 4670 ad
2499 4609 2636 4670 illas
2663 4607 2800 4670 alim
2823 4607 3114 4668 liberales
3143 4606 3526 4668 donationes
3557 4607 3746 4667 intelli·

2201 4708 2500 4780 gerentur
2521 4695 2546 4772 ς’
2577 4699 2748 4780 quod
2775 4699 3050 4762 maxime
3077 4699 3156 4762 de
3187 4701 3254 4760 D.
3289 4701 3538 4760 Thema
3563 4701 3746 4760 dicen-

2199 4795 2354 4857 dum
2383 4802 2498 4868 est,
2545 4793 2786 4855 namin
2817 4792 2924 4854 illo
2953 4794 3128 4854 artic.
3155 4795 3218 4867 Ξ,
3265 4793 3352 4854 ad
3381 4797 3438 4868 3,
3485 4811 3656 4872 atque
3675 4793 3746 4853 di·
3818 4789 3819 4858 ζ

2203 4889 2286 4952 cit
2325 4887 2660 4967 pecuniam
2687 4903 2827 4948 esse
2859 4886 3187 4948 materiam
3215 4885 3642 4959 liberalitatis,
3685 4903 3744 4945 ae
3818 4887 3819 4903 ³

2197 4979 2454 5062 justitiae
2475 4978 2938 5042 commutativoe
2967 4984 3032 5042 et
3047 4977 3458 5042 distributivae
3481 4999 3502 5052 ;
3533 4985 3744 5040 constat

2205 5081 2416 5137 autem
2449 5073 2774 5154 justitiam,
2810 5073 3156 5150 praesertim
3191 5073 3660 5138 distributivam,
3687 5072 3738 5130 in

2205 5167 2508 5247 spirituali
2533 5163 2796 5228 materia
2837 5165 3108 5226 maxime
3135 5165 3404 5240 versari,
3447 5184 3527 5228 ex
3545 5164 3732 5226 eedem

2205 5262 2280 5322 D.
2325 5261 2564 5322 Thema
2592 5258 2656 5319 2.
2687 5259 2750 5330 2,
2783 5275 2846 5336 q.
2879 5259 2982 5330 63,
3013 5262 3128 5320 art.
3153 5259 3216 5318 Ξ.

2942 5444 3034 5467 -ο-
