3850 6225
607 450 741 502 CAP.
778 451 835 502 V.
872 451 957 504 AN
988 451 1247 504 PRAETER
1281 449 1645 504 CONCURSUM
1678 450 1781 502 DEI
1812 450 2204 504 mmmmm!
2238 451 2300 506 IN
2334 449 2674 510 EFFECTUH.
2711 451 2846 503 Ere.

120 547 255 622 fiat,
276 547 389 609 sed
412 553 666 628 propter
686 549 1038 612 naturalem
1059 551 1478 631 sympathiam
1502 557 1565 612 et
1588 568 1689 611 su-

120 642 627 703 bordinationem
654 642 872 703 talium
899 643 1345 723 potentiarum,
1371 662 1510 724 quae
1532 643 1688 704 mul-

118 741 183 796 to
206 736 411 815 major
427 735 689 816 intelligi
720 742 927 817 potest
947 738 1113 800 inter
1140 755 1395 800 causam
1419 737 1687 816 primam

120 833 185 890 et
217 829 587 890 secundam.

205 926 265 982 4.
310 923 608 984 Doctores
663 939 815 1002 ergo
864 923 1181 996 nonnulli,
1225 923 1331 1004 qui
1377 925 1691 985 affirmant

124 1015 209 1076 ad
238 1015 542 1076 actionem
572 1033 775 1077 causae
804 1016 1092 1077 secundae
1110 1017 1527 1078 necessariam
1550 1035 1688 1078 esse

118 1107 595 1187 praemotionem
623 1126 825 1169 causae
866 1110 1079 1190 primae
1118 1110 1180 1170 in
1224 1111 1589 1184 secundam,
1626 1115 1690 1171 et

118 1197 183 1262 in
214 1202 505 1263 virtutem
536 1203 695 1281 ejuS,
726 1203 871 1264 licet
921 1221 1052 1263 non
1101 1204 1249 1264 satis
1302 1205 1417 1265 hos
1468 1204 1691 1266 modos

118 1295 532 1375 distinguant,
562 1295 751 1374 priori
795 1302 1009 1356 tamen
1036 1296 1225 1358 modo
1268 1298 1347 1359 de
1398 1298 1516 1358 hac
1554 1315 1692 1358 mo-

116 1389 291 1450 tione
322 1396 385 1449 et
422 1388 1075 1468 praedeterminatione
1124 1389 1311 1451 locuti
1358 1397 1523 1452 sunt.
1552 1392 1690 1452 Non

122 1483 295 1562 quod
325 1483 733 1562 posteriorem
768 1483 1123 1560 excludant,
1160 1483 1274 1544 sed
1300 1483 1493 1564 quod,
1524 1484 1688 1546 ultra

122 1579 322 1652 illum,
372 1577 557 1639 etiam
610 1595 748 1639 rem
809 1578 1086 1657 aliquam
1142 1579 1511 1658 impressam
1566 1579 1685 1659 ipsi

121 1689 329 1732 causae
362 1671 678 1744 secundae,
704 1671 885 1750 eique
910 1671 1320 1734 inhaerentem
1337 1672 1679 1751 requirant.

116 1767 193 1826 Et
211 1767 328 1825 hoc
349 1783 539 1825 sensu
565 1765 783 1826 dicunt
806 1784 1061 1826 causam
1086 1765 1354 1845 primam
1375 1767 1547 1845 prius
1571 1784 1686 1826 na-

112 1863 256 1919 tura
304 1859 567 1920 influere
619 1857 701 1918 ad
761 1858 1072 1919 actionem
1111 1877 1315 1919 causae
1355 1856 1678 1931 secundae,

117 1971 309 2033 quam
328 1952 595 2032 ipsamet
620 1970 808 2012 causa
835 1951 1145 2024 secunda3
1175 1953 1345 2030 quia,
1368 1951 1676 2026 videlicet,

110 2048 289 2126 prius
335 2063 527 2125 quam
572 2045 859 2106 voluntas
897 2047 1197 2118 humana,
1237 2046 1411 2107 verbi
1455 2046 1676 2126 gratia,

112 2144 300 2201 exeat
329 2139 393 2199 in
424 2145 655 2212 actum,
708 2138 875 2200 Deus
920 2138 1155 2219 aliquid
1204 2137 1503 2218 praevium
1554 2139 1683 2218 agit

109 2232 179 2294 in
208 2234 433 2312 ipsam,
450 2231 621 2312 quod
645 2238 740 2292 est
770 2250 959 2293 causa
996 2249 1125 2292 suae
1156 2232 1451 2306 actionis;
1492 2232 1680 2312 idque

110 2327 413 2406 generale
444 2344 583 2386 esse
612 2325 828 2387 dicunt
863 2325 927 2386 in
967 2325 1259 2387 omnibus
1302 2324 1560 2399 actibuS,
1605 2343 1679 2386 eo

110 2418 287 2499 quod
317 2419 379 2480 id
422 2419 657 2479 oriatur
694 2436 772 2480 ex
807 2417 1317 2479 subordinatione
1365 2417 1677 2479 essentiali

106 2515 338 2574 harum
379 2529 735 2573 causarum.
780 2513 869 2572 Ex
913 2529 1036 2590 quo
1087 2510 1350 2573 ulterius
1406 2511 1680 2573 inserunt

106 2608 506 2668 voluntatem
536 2623 743 2683 neque
774 2623 961 2684 agere
988 2623 1293 2684 unquam,
1327 2623 1443 2667 nec
1492 2623 1678 2686 posse

108 2700 286 2761 aliud
315 2717 525 2779 agere,
556 2697 678 2758 nisi
705 2697 770 2758 id
797 2698 879 2758 ad
916 2698 1085 2777 quod
1125 2699 1290 2758 Deus
1318 2697 1491 2758 illam
1522 2715 1681 2778 prae-

109 2799 327 2856 movet
354 2795 473 2853 hac
500 2791 735 2872 praevia
766 2790 1039 2864 actione;
1073 2793 1220 2870 quia
1247 2791 1379 2852 sine
1416 2809 1679 2853 concur-

109 2907 189 2948 su
216 2885 427 2949 debito
460 2903 537 2948 ex
578 2889 755 2964 parte
807 2903 1011 2945 causae
1052 2885 1270 2964 primae
1305 2885 1459 2946 nihil
1490 2903 1678 2966 agere

110 2987 341 3062 potest.
370 2980 653 3042 Inferunt
682 2978 892 3050 etiam,
917 2997 951 3042 e
973 2997 1297 3054 converso,
1334 2980 1537 3062 posita
1557 2980 1678 3042 hac

110 3076 232 3139 Dei
263 3074 500 3136 actione
528 3072 595 3133 iu
630 3070 974 3148 voluntate,
1003 3073 1359 3135 necessario
1401 3073 1677 3135 necessi-

106 3177 239 3232 tate
287 3166 751 3248 consequentiae
800 3174 863 3231 et
899 3168 1341 3248 suppositionis
1388 3168 1677 3229 volunta-

102 3270 239 3325 tem
284 3263 455 3324 exire
512 3263 576 3323 in
629 3270 863 3334 aetum,
910 3260 989 3322 ad
1043 3278 1232 3340 quem
1274 3261 1675 3323 efficiendum

100 3361 410 3435 praemota
442 3363 562 3431 est;
598 3358 768 3438 quia,
800 3374 943 3417 cum
970 3353 1075 3416 illa
1114 3354 1275 3415 actio
1302 3355 1416 3415 Dei
1451 3356 1529 3416 sit
1559 3374 1675 3435 per

98 3449 370 3511 modum
413 3452 672 3513 actualis
698 3449 1017 3523 motioniS,
1049 3455 1113 3510 et
1152 3447 1229 3509 sit
1258 3448 1497 3522 efficax,
1529 3468 1673 3529 pro-

98 3544 417 3623 cedatque
456 3562 534 3605 ex
584 3544 819 3607 efficaci
864 3543 1365 3622 voluntate‚·qua
1396 3540 1673 3604 decrevit

92 3639 275 3699 Deus
304 3645 581 3699 creatam
609 3639 996 3700 voluntatem
1031 3634 1111 3696 ad
1140 3641 1351 3697 actum
1377 3634 1673 3697 determi-

94 3750 288 3803 nare,
318 3750 449 3792 non
486 3736 693 3811 potest
714 3732 851 3793 haec
877 3728 1167 3791 voluntas
1202 3728 1514 3799 resistere,
1557 3728 1671 3790 sed

93 3842 368 3885 necesse
411 3831 505 3886 est
539 3830 631 3899 ut,
688 3827 817 3885 Deo
846 3824 1021 3884 illam
1044 3826 1345 3883 movente·
1364 3820 1443 3882 ad
1476 3821 1669 3883 talem

94 3926 339 3994 actum,
364 3921 491 4000 ipsa
518 3927 846 3982 moveatur
866 3918 1183 3998 talemque
1204 3922 1409 3978 actum
1441 3917 1661 3979 eliciat.

93 4016 343 4075 Rursus
369 4011 513 4074 hinc
536 4013 813 4074 inferunt
840 4030 955 4091 per
984 4009 1147 4071 hanc
1174 4010 1288 4072 Dei
1315 4011 1669 4090 praemotio-

92 4124 281 4178 nem,
321 4106 729 4179 voluntatem,
764 4105 934 4185 prius
964 4110 1187 4165 natura
1226 4121 1418 4183 quam
1454 4121 1669 4182 opere-

94 4207 231 4270 tur,
259 4218 517 4271 manere
542 4199 885 4261 formaliter
905 4196 1385 4259 determinatam
1409 4196 1491 4257 ad
1512 4196 1668 4257 illud

92 4309 307 4353 unum
344 4293 683 4373 agendum,
722 4293 789 4353 in
817 4289 986 4371 quod
1022 4290 1129 4352 illa
1161 4290 1271 4351 Dei
1312 4290 1503 4351 motio
1530 4296 1669 4351 ten-

96 4388 219 4449 dit.
253 4387 361 4449 Illa
398 4376 673 4465 namque
698 4386 987 4465 qualitaS,
1014 4382 1117 4445 vel
1152 4384 1344 4444 motio
1375 4387 1482 4443 aut
1508 4383 1671 4443 enti-

93 4488 226 4552 tas,
253 4486 361 4541 aut
406 4480 626 4559 quovis
657 4479 776 4539 alio
798 4478 1053 4539 nomine
1084 4476 1453 4557 appelletur,
1478 4493 1670 4555 quam

94 4580 277 4639 Deus
311 4576 485 4655 prius
530 4580 755 4637 natura
797 4572 1095 4652 imprimit
1123 4572 1450 4644 voluntati,
1479 4571 1562 4632 ita
1596 4569 1671 4630 il-

94 4671 235 4731 lam
266 4669 477 4742 afficit,
511 4670 573 4729 et
600 4666 680 4728 ad
723 4684 919 4727 unum
966 4665 1241 4739 inclinat,
1276 4671 1347 4726 ut
1392 4664 1473 4725 ad
1516 4664 1670 4725 illud

98 4780 307 4825 unum
337 4761 653 4841 agendum
681 4759 1067 4821 voluntatem
1095 4758 1438 4819 formaliter
1466 4757 1671 4819 deter-

98 4858 326 4919 minet.
354 4854 631 4933 Ideoque
659 4873 811 4914 usus
836 4852 1135 4931 loquendi
1146 4852 1283 4931 jam
1308 4851 1572 4912 obtinuit
1602 4857 1671 4912 ut

100 4952 172 5011 in
239 4949 359 5009 hac
424 4947 848 5009 controversia
899 4946 1037 5007 haec
1099 4951 1359 5006 vocetur
1410 4944 1671 5024 physica

102 5040 703 5123 praedeteminatio,
753 5042 932 5120 cujus
968 5038 1139 5099 vocis
1169 5056 1425 5099 sensum
1464 5039 1666 5116 magis

102 5137 173 5197 in
212 5134 619 5214 sequentibus
670 5132 1147 5196 declarabimus
1202 5130 1335 5203 Quo
1377 5132 1564 5193 ctiam
1598 5130 1667 5191 fit

104 5232 198 5302 ut,
231 5227 377 5289 lieet
401 5234 577 5289 actus
606 5225 941 5287 voluntatis
968 5225 1047 5285 sit
1074 5224 1354 5286 effective
1386 5224 1657 5284 avolun-

104 5329 257 5394 tate,
286 5328 501 5383 tamen
541 5320 975 5382 determinatio
1012 5320 1147 5400 ejus
1191 5337 1317 5379 non
1348 5317 1426 5379 sit
1468 5318 1666 5380 active

107 5417 188 5476 ab
220 5415 349 5487 illa,
380 5412 493 5475 sed
520 5432 558 5474 a
594 5415 724 5476 Deo
771 5420 1048 5486 tantum;
1093 5412 1159 5474 in
1204 5412 1521 5474 voluntate
1565 5430 1673 5473 au-

104 5515 235 5570 tem
263 5508 377 5569 fiat
403 5508 672 5587 passive,
702 5508 849 5588 quia
888 5506 952 5568 in
988 5508 1109 5567 hae
1158 5506 1385 5585 praevia
1428 5504 1669 5567 actione

108 5603 280 5664 solus
310 5602 477 5663 Deus
504 5606 599 5663 est
619 5620 836 5683 agenS,
863 5607 933 5664 ut
958 5602 1145 5683 plane
1176 5598 1565 5680 supponitur.
1597 5598 1673 5660 Et

3255 443 3334 504 ⁶23

1768 551 1887 612 hac
1931 552 2173 614 ratione
2197 599 2213 626 ,
2270 553 2487 614 dieunt
2540 553 2729 612 etiam
2783 553 2952 612 hunc
3011 549 3326 619 effectum,

1770 663 1960 724 quem
1981 646 2374 726 complexum
2403 651 2651 718 vocant,
2687 645 2921 706 scilicet
2945 643 3330 703 voluntatem

1772 756 1984 817 agere,
2017 740 2318 813 converti,
2347 745 2492 812 etc.,
2525 757 2664 800 esse
2693 739 2986 799 effectum
3019 735 3147 809 Dei,
3185 735 3334 814 quia

1772 849 1847 892 ex
1876 831 1980 890 illa
2010 832 2418 912 praemotione
2459 836 2520 893 et
2560 832 2804 892 actione
2843 831 3034 892 solius
3081 828 3194 889 Dei
3223 845 3335 888 ne-

1771 925 2042 985 cessario
2063 926 2484 1004 consequitur.
2500 925 2778 985 Tandem
2795 923 2938 984 hinc
2955 921 3335 983 concludunt

1768 1017 2159 1079 voluntatem
2191 1023 2466 1078 creatam
2497 1017 2583 1096 (et
2603 1017 2771 1077 idem
2802 1023 2894 1078 est
2924 1016 3002 1077 de
3035 1033 3332 1095 quacum-

1770 1124 1894 1190 que
1925 1131 2113 1172 causa
2159 1112 2457 1191 secunda)
2493 1130 2623 1172 non
2667 1109 3026 1172 modificare
3079 1115 3186 1169 aut
3223 1109 3334 1168 de-

1771 1205 2111 1267 terminare
2166 1224 2540 1267 concursum
2607 1204 2967 1286 generalem
3021 1203 3161 1276 Dei,
3221 1202 3333 1263 sed

1770 1300 1970 1360 Deum
2001 1299 2105 1361 illa
2139 1318 2253 1362 sua
2299 1298 2701 1378 praemotione
2741 1298 3022 1370 modum,
3049 1314 3334 1357 omnem-

1771 1409 1896 1472 que
1944 1392 2533 1457 determinationem
2579 1391 2810 1454 actioni
2851 1390 3186 1454 voluntatis
3221 1407 3332 1469 po-

1770 1503 1947 1549 nere.

1850 1583 1909 1642 5.
1963 1579 2096 1656 Qua
2123 1580 2357 1645 ratione
2403 1581 2736 1647 libertatem
2785 1585 3072 1648 tueantur
3095 1579 3160 1640 1ιὶ
3188 1595 3330 1640 auc-

1767 1679 1946 1738 tores.
1979 1707 2061 1720 -
2089 1673 2268 1748 Quod
2310 1675 2360 1735 si
2408 1673 2489 1736 ab
2523 1675 2619 1735 his
2659 1673 3016 1735 auctoribus
3050 1671 3330 1750 inquiras

1765 1766 2082 1847 quomodo
2119 1767 2256 1828 haec
2280 1785 2426 1828 cum
2473 1767 2758 1830 libertate
2801 1767 3036 1828 arbitrii
3090 1763 3329 1844 possint

1764 1861 2103 1934 conciliari,
2157 1861 2360 1922 solum
2409 1861 2814 1941 respondent,
2864 1860 3011 1940 quia
3055 1860 3190 1920 haec
3234 1862 3330 1918 est

1765 1954 2216 2035 omnipotentia
2243 1954 2379 2028 Dei,
2413 1960 2484 2016 ut
2511 1973 2638 2016 non
2685 1955 2886 2016 solum
2921 1953 3183 2026 fortiter,
3215 1949 3329 2012 sed

1763 2050 1949 2110 etiam
1982 2049 2256 2110 suaviter
2281 2049 2479 2127 possit
2507 2067 2688 2110 suam
2733 2055 3086 2111 creaturam
3114 2063 3328 2106 move-

1761 2161 1863 2215 re3
1895 2147 1956 2202 et
1985 2142 2070 2202 ita
2091 2141 2332 2203 fortiter
2353 2147 2585 2217 movet,
2617 2145 2688 2204 ut
2715 2142 2969 2203 omnino
2992 2157 3134 2202 eam
3159 2137 3328 2199 face-

1760 2253 1829 2298 re
1879 2234 2100 2308 faciat;
2165 2240 2230 2296 et
2287 2236 2371 2296 ita
2427 2235 2722 2310 suaviter,
2773 2239 2843 2297 ut
2885 2234 3082 2297 libere
3113 2232 3320 2293 faciat.

1760 2330 2106 2408 Utrumque
2133 2328 2300 2389 enim
2325 2329 2737 2408 praedefinivit
2755 2331 2945 2402 DeuS,
2975 2327 3230 2398 scilicet,
3263 2326 3327 2387 et

1761 2422 1930 2500 quod
1957 2421 2245 2484 voluntas
2271 2427 2488 2483 nostra
2511 2423 2680 2496 velit,
2713 2428 2776 2483 et
2799 2421 2970 2501 quod
2997 2421 3190 2482 libere
3219 2436 3325 2480 ve-

1758 2515 1850 2587 lit,
1881 2521 1944 2576 et
1977 2515 2120 2578 ideo
2151 2522 2486 2596 utrumque
2515 2517 2621 2577 illa
2656 2534 2771 2577 sua
2797 2515 3032 2577 efficaci
3061 2520 3124 2575 et
3149 2511 3321 2574 suavi

1759 2610 2035 2672 motione
2059 2616 2373 2689 operatur.
2405 2611 2582 2682 Quod
2607 2610 3001 2683 siinstemuS,
3019 2605 3324 2670 fortitudi-

1758 2719 1907 2762 nem
1961 2709 2023 2763 et
2051 2701 2421 2764 suavitatem
2460 2703 2544 2764 ita
2585 2703 2922 2783 explicatas
2971 2720 3102 2764 non
3135 2715 3319 2779 posse

1760 2796 2055 2876 conjungi
2094 2795 2301 2869 simul,
2353 2797 2498 2876 quia
2540 2797 3096 2859 contradictionem
3125 2793 3320 2855 invol-

1756 2895 1933 2962 vunt,
1960 2889 2188 2968 jubent
2213 2907 2331 2950 nos
2361 2889 2617 2952 credere
2646 2890 2733 2952 ita
2761 2909 2898 2952 esse
2923 2889 3091 2968 quod
3119 2887 3314 2958 aiunt,

1758 2982 2001 3044 etiamsi
2043 2983 2322 3044 humana
2349 3001 2528 3044 mens
2558 2983 2622 3044 id
2652 2983 2904 3064 assequi
2939 3001 3068 3045 non
3097 2981 3314 3061 possit.

1758 3075 1936 3149 Quod
1970 3093 2122 3138 sane
2157 3075 2424 3138 libenter
2472 3075 2797 3151 faciemuS,
2827 3076 2879 3138 si
2931 3093 3072 3138 eam
3098 3073 3320 3136 doctri-

1755 3189 1905 3231 nam
1937 3189 1974 3231 a
2002 3171 2132 3232 Deo
2170 3189 2306 3232 esse
2335 3171 2700 3245 revelatam,
2745 3176 2806 3233 et
2837 3190 2950 3251 per
2977 3169 3318 3231 Ecclesiam

1751 3263 2138 3344 propositam
2165 3282 2302 3325 esse
2332 3264 2686 3326 ostendant.
2735 3263 2892 3337 Quia
2919 3280 3068 3326 vero
3097 3262 3184 3322 nil
3227 3260 3319 3321 af-

1750 3357 1962 3418 ferunt
1989 3375 2112 3436 quo
2141 3356 2260 3418 hoc
2309 3356 2637 3429 suadeant,
2672 3363 2735 3419 et
2766 3356 2949 3418 nobis
2992 3356 3198 3436 potius
3241 3373 3318 3415 ex

1750 3449 1897 3511 fidei
1922 3450 2320 3529 dogmatibus
2347 3450 2633 3529 opposita
2662 3450 2943 3512 doctrina
2999 3448 3206 3529 colligi
3231 3448 3318 3509 vi·

1752 3541 1957 3615 detur,
1989 3542 2131 3603 ideo
2161 3542 2282 3604 illis
2327 3543 2632 3605 assentire
2672 3543 2846 3605 nullo
2879 3542 3068 3605 modo
3099 3560 3316 3621 possu-

1750 3653 1921 3696 mus:
1958 3635 2071 3695 sed
2121 3653 2340 3697 eorum
2371 3635 2804 3710 fundamenta,
2845 3655 2928 3698 ne
2956 3635 3197 3715 prolixa
3223 3652 3318 3694 re-

1748 3728 2048 3808 petitione
2079 3746 2236 3807 opus
2261 3728 2359 3801 sit,
2390 3728 2781 3791 commodius
2808 3729 3068 3791 inferius
3091 3745 3316 3809 propo-

1748 3838 1996 3881 nemus,
2041 3822 2376 3883 Auctorem
2415 3821 2766 3902 antiquum,
2801 3823 2909 3902 qui
2955 3822 3120 3883 hanc
3173 3820 3316 3881 doc—

1748 3914 1977 3975 trinam
2051 3914 2137 3975 sic
2191 3913 2574 3976 declaratam
2635 3915 2996 3989 tradiderit,
3072 3914 3314 3975 nullum

1746 4007 2033 4086 reperim
2065 4025 2237 4079 nam,
2265 4006 2412 4069 licet
2443 4009 2516 4069 D.
2550 4008 2802 4070 Thomae
2852 4008 3229 4069 attribuatur
3276 4025 3314 4067 a

1746 4099 2062 4179 praedictis
2110 4100 2469 4163 auctoribus
2521 4105 2777 4181 propter
2821 4101 3130 4179 quosdam
3179 4100 3315 4180 ejus

1746 4193 2049 4273 loquendi
2097 4194 2340 4267 modOS,
2396 4200 2608 4255 tamen
2657 4194 2916 4256 inferius
2965 4194 3316 4257 videbimus

1748 4286 1899 4347 nihil
1934 4286 2188 4347 firmum
2237 4307 2313 4349 ex
2362 4289 2498 4367 ejus
2529 4288 2812 4349 doctrina
2853 4289 2918 4349 in
2956 4290 3144 4369 hujus
3172 4306 3318 4349 sen-

1746 4379 1961 4440 tcntiae
1991 4379 2530 4441 confirmationem
2550 4382 2758 4441 afferri
2785 4399 3002 4461 posse;
3031 4388 3092 4443 et
3111 4381 3316 4461 potius

1750 4472 2076 4533 contrariae
2110 4472 2344 4547 favere,
2390 4492 2581 4553 quam
2609 4473 2894 4535 nonnulli
2943 4475 3132 4535 etiam
3159 4472 3316 4533 anti-

1751 4566 1857 4647 qui
1917 4567 2253 4627 Thomistae
2307 4567 2676 4641 docuerunt,
2717 4586 2858 4647 quae
2891 4567 3101 4629 omnia
3129 4568 3194 4629 in
3223 4584 3317 4627 se-

1752 4660 2089 4739 quentibus
2119 4660 2547 4722 ostendemus,

1756 4854 1943 4930 Quale
1989 4856 2644 4936 proedeterminationis
2687 4872 2876 4939 yonus
2909 4858 3179 4919 astruere
3231 4854 3317 4917 vi-

1792 4948 2007 5013 dentur
2033 4948 2276 5025 Scotus,
2306 4950 2481 5031 quale
2506 4950 2652 5013 item
2682 4950 2986 5012 destruere
3009 4947 3269 5013 nitatur.

1832 5139 1892 5199 6.
1946 5134 2118 5211 Quia.
2142 5138 2211 5201 iu
2227 5136 2376 5201 locis
2400 5137 2624 5202 Scotm
2643 5155 2810 5201 omne
2823 5137 3318 5221 praedetermina-

1750 5230 1938 5295 tiom's
1966 5247 2154 5312 yona-5
2199 5230 2475 5308 inficiari
2505 5230 2804 5295 videatur.
2831 5261 2913 5277 --
2939 5229 3175 5296 Nullus
3206 5248 3319 5292 an-

1752 5323 1956 5405 tiquus
2027 5328 2238 5387 auctor
2290 5340 2566 5403 cmpresse
2625 5323 3318 5403 proedeterminacionem

1742 5421 2058 5499 professus
2085 5422 2196 5481 est.
2227 5448 2312 5462 —
2337 5416 2428 5476 Ex
2455 5415 2813 5478 doctoribus
2843 5433 2993 5495 ergo
3029 5414 3318 5477 Scholas-

1749 5508 1909 5581 ticis,
1966 5526 2165 5569 unum
2215 5508 2486 5581 invenie,
2544 5510 2822 5575 Scotum.
2867 5514 2930 5569 et
2981 5504 3318 5568 nonnullos
3375 5536 3384 5541 ·

1752 5602 1891 5682 ejus
1920 5606 2282 5675 sectatores,
2304 5599 2410 5679 qui
2431 5601 2594 5663 hanc
2616 5601 2966 5663 doctrinam
2993 5596 3318 5659 confirma-
