3850 6225
593 431 762 485 SECT.
797 433 860 485 n.
897 433 1078 486 sl'rNss
1112 435 1174 488 IN
1209 436 1328 488 DEO
1361 437 1628 491 PROPRIA
1659 435 1740 489 ET
1772 435 2080 490 rotimus
2111 433 2340 491 mstn'.
2374 435 2842 490 communita.

108 527 414 605 qualitate
441 547 458 602 ;
485 530 657 608 quod
695 531 882 610 plane
930 540 1244 614 repugnat
1291 537 1556 616 copiosae
1585 555 1681 598 re-

107 621 458 700 demptioni
481 623 731 684 Christi.
841 635 852 648 '

188 717 294 774 51.
323 712 684 780 Occurritur
705 717 1036 798 objectioni.
1060 749 1142 766 —·
1161 723 1239 781 At
1267 739 1436 794 vero,
1465 722 1528 781 in
1559 721 1680 783 alio

110 828 328 876 sensu.
361 817 574 890 posset
607 811 846 873 admitti
881 813 944 874 in
981 813 1278 894 operibus
1319 817 1542 878 Christi
1589 835 1682 879 se·

107 904 394 964 cundum
447 922 514 965 se
565 921 704 964 esse
770 906 1194 985 aequalitatem
1249 908 1571 988 dignitatis
1621 917 1684 972 et

107 996 367 1070 valoris,
399 1015 528 1058 non
568 1003 782 1060 tamen
833 999 1111 1078 justitias,
1155 1001 1386 1064 scilicet
1439 1002 1682 1086 seclusa

107 1091 530 1168 promissione
561 1095 624 1152 et
655 1099 840 1170 pacto
862 1094 1004 1167 Dei3
1038 1111 1164 1155 non
1185 1101 1396 1156 autem
1423 1114 1496 1157 ex
1526 1115 1684 1176 prae-

109 1185 546 1264 suppositione
592 1186 796 1258 illius;
847 1205 996 1248 nam
1041 1189 1147 1249 illa
1180 1189 1504 1268 aequalitas
1535 1209 1684 1250 con-

109 1277 436 1357 dignitatis
465 1279 670 1341 meriti
714 1298 842 1341 non
898 1287 1013 1354 est,
1061 1281 1128 1342 in
1176 1283 1585 1345 aestimatione
1621 1287 1684 1346 et

107 1371 328 1432 valore
358 1389 592 1444 rerum,
622 1372 1009 1451 imperfecta,
1051 1374 1163 1435 sed
1189 1377 1395 1456 potius
1423 1394 1684 1454 supera-

111 1464 414 1525 bundans
441 1483 516 1526 ex
546 1472 720 1544 parte
749 1467 992 1528 Christi.
1028 1468 1440 1530 Nihilominus
1467 1475 1682 1530 tamen

113 1556 250 1617 sine
279 1564 464 1636 pacto
491 1558 668 1618 deest
705 1558 976 1620 conditio
1019 1562 1375 1622 necessaria
1416 1563 1499 1623 ad
1527 1562 1686 1623 obli-

115 1651 402 1729 gandum
431 1650 628 1712 Deum
653 1669 730 1714 ex
749 1650 1024 1731 justitia3
1055 1658 1116 1715 et
1143 1653 1310 1725 ideo,
1337 1656 1682 1717 secundum

115 1761 262 1803 eam
285 1743 616 1818 rationem,
651 1744 770 1806 dici
799 1751 1004 1824 potest
1029 1764 1156 1808 non
1199 1747 1432 1809 habere
1472 1767 1684 1828 aequa-

107 1835 357 1897 litatem
377 1836 666 1916 justitian
703 1837 752 1896 si
779 1843 993 1898 tamen
1029 1845 1281 1918 pactum
1311 1841 1678 1910 intercedat,

101 1929 240 2008 jam
297 1929 454 1990 nihil
499 1929 718 1992 deesse
776 1937 1000 2010 potest,
1061 1949 1177 1994 nec
1226 1940 1478 2013 pactum
1535 1935 1684 1998 facit

107 2023 542 2100 aequalitatem
579 2041 815 2097 rerum,
857 2024 971 2086 sed
1016 2025 1162 2087 facit
1207 2034 1274 2088 ut
1315 2027 1422 2088 illa
1466 2047 1681 2090 rerum

105 2117 518 2176 commutatio
552 2109 686 2195 jain
716 2135 794 2177 ex
827 2117 1064 2198 justitia
1113 2119 1244 2182 flat.
1287 2119 1466 2192 Quod
1509 2129 1682 2202 patet

107 2228 185 2270 ex
219 2209 400 2270 dictis
438 2209 518 2270 de
564 2209 984 2273 satisfactione
1023 2219 1257 2287 nostra,
1299 2215 1361 2275 in
1400 2232 1526 2294 qua
1569 2215 1684 2275 ad-

104 2304 367 2364 mittunt
431 2303 850 2383 :equalitatem
909 2305 1222 2384 :justitian
1295 2309 1681 2371 ostendimus

108 2396 326 2456 autem
355 2397 440 2456 ibi
479 2398 898 2459 necessariam
936 2399 1127 2461 fuisse
1173 2402 1675 2480 promissionem,

107 2507 228 2550 seu
269 2491 476 2568 legem
517 2491 630 2552 Dei
669 2493 1018 2566 statuentis,
1057 2499 1124 2554 ut
1161 2512 1288 2554 una
1327 2513 1508 2574 paena
1539 2515 1682 2576 pos-

111 2583 190 2644 sit
221 2601 336 2662 per
361 2583 550 2643 aliam
583 2585 1024 2662 compensari;
1061 2586 1280 2648 similis
1323 2593 1536 2648 autem
1581 2590 1684 2650 lex

111 2682 176 2736 et
215 2693 344 2736 non
385 2676 507 2736 alia
534 2677 890 2738 necessaria
937 2678 1053 2738 fuit
1081 2678 1144 2738 in
1175 2678 1592 2742 satisfactione
1623 2686 1684 2742 et

107 2771 338 2830 merito
378 2771 625 2831 Christi.
679 2772 756 2832 Et
803 2789 977 2844 sane,
1023 2773 1074 2832 si
1119 2774 1324 2852 maj0r
1359 2775 1684 2854 mqualitas

103 2862 362 2942 justitiae
393 2870 558 2925 esset
591 2863 657 2924 in
701 2865 1122 2928 satisfactione
1147 2872 1362 2927 nostra
1402 2885 1592 2946 quam
1619 2867 1686 2928 in

111 2955 536 3018 satisfactione
561 2958 782 3018 Christi
805 2975 922 3039 pro
949 2959 1152 3033 nobis,
1177 2965 1481 3039 quantum
1513 2979 1686 3040 spec-

109 3054 206 3109 tat
235 3047 315 3109 ad
353 3067 586 3110 munus
631 3056 694 3111 et
735 3053 1174 3114 necessitatem
1219 3051 1678 3131 satisfactionis,

111 3143 310 3221 gratis
364 3143 638 3204 Christus
705 3150 992 3205 mortuus
1047 3145 1314 3219 fuisset;
1373 3146 1686 3208 sufficeret

114 3236 284 3295 enim
315 3235 497 3297 nobis
519 3236 750 3297 mereri
789 3236 1088 3315 gratiam,
1133 3256 1257 3317 qua
1307 3256 1423 3299 uos
1471 3258 1684 3317 posse-

115 3346 260 3390 mus
283 3329 512 3407 justius
551 3329 910 3391 satisfacere
939 3350 1129 3405 quam
1169 3332 1302 3411 ipse
1331 3350 1444 3412 pro
1473 3333 1676 3394 nobie.

114 3423 427 3494 Quoniam
473 3442 622 3484 vero
673 3423 1018 3485 doctrinam
1071 3426 1235 3487 hanc
1285 3444 1410 3487 non
1461 3428 1686 3507 proba-

114 3534 286 3591 mus,
327 3516 540 3577 verius
579 3516 776 3577 multo
826 3535 1160 3579 censemus
1199 3518 1686 3581 satisfactionem

113 3609 364 3683 Christi,
389 3616 458 3670 ut
479 3610 804 3671 fundatam
837 3610 902 3670 in
935 3611 1368 3690 promissione,
1391 3614 1686 3674 habuisse

113 3703 538 3781 aequalitatem
563 3720 692 3763 non
737 3702 943 3764 solum
981 3706 1403 3785 proportionis
1439 3706 1689 3785 esquali-

113 3799 262 3859 tatis
293 3803 354 3857 et
375 3796 692 3876 dignitatis
721 3798 946 3872 meriti,
993 3800 1107 3860 sed
1135 3801 1322 3861 etiam
1367 3802 1690 3881 aequalita-

113 3893 201 3953 tis
221 3891 474 3971 justitia
505 3892 776 3971 propriae
805 3910 880 3953 ac
909 3893 1222 3971 perfectae.
1271 3895 1449 3968 Quod
1477 3902 1690 3957 autem

117 3986 226 4045 hic
273 3985 584 4064 objicitur,
633 3985 782 4062 quia
833 3985 882 4047 si
933 3987 1290 4049 necessaria
1337 3996 1503 4051 esset
1545 4008 1687 4070 pro-

117 4077 360 4149 missio,
387 4094 516 4137 non
565 4078 872 4156 potuisset
913 4080 1192 4141 Christus
1229 4083 1458 4144 mereri
1484 4084 1683 4164 primo

117 4190 238 4246 suo
296 4176 438 4231 actu
487 4188 602 4249 pro
643 4170 928 4232 Patribus
981 4174 1210 4234 veteris
1253 4176 1681 4250 Testamenti,

117 4267 272 4346 quia
299 4272 486 4327 antea
513 4264 686 4325 nulla
707 4266 908 4345 potuit
939 4268 1293 4346 praecedere
1319 4270 1544 4350 pactio,
1576 4288 1688 4331 ne—

117 4378 248 4440 que
279 4358 467 4420 etiam
505 4364 652 4420 ante
697 4360 970 4438 primum
1021 4380 1180 4440 opus
1230 4363 1294 4423 in
1340 4363 1544 4443 primo
1594 4363 1690 4423 in·-

117 4454 314 4514 stanti
365 4452 634 4524 factum3
688 4454 809 4514 hoc
858 4454 1163 4533 (inquam)
1218 4454 1506 4517 frivolum
1552 4460 1685 4529 est,

117 4547 272 4625 quia
315 4546 384 4606 in
427 4546 628 4624 primo
659 4545 932 4608 instante
983 4549 1426 4611 incarnationis
1467 4548 1691 4610 Christi

116 4641 304 4701 facile
327 4643 722 4733 proeintelligi
749 4647 954 4721 potest
984 4648 1237 4720 pactum
1267 4660 1345 4703 ex
1370 4648 1548 4721 parte
1577 4641 1688 4703 Dei

117 4735 208 4795 illi
238 4735 464 4795 anima».
482 4737 873 4816 propositum
905 4752 978 4796 ac
1007 4734 1372 4808 revelatum,
1397 4744 1458 4796 et
1478 4735 1559 4796 ab
1586 4735 1690 4795 illa

117 4828 473 4889 voluntarie
515 4824 908 4909 acceptatum
947 4846 1060 4907 per
1105 4828 1492 4890 voluntatem
1512 4876 1533 4905 ,
1564 4846 1690 4908 qua

119 4920 314 4980 simul
341 4938 410 4981 se
441 4922 663 4983 obtulit
691 4921 770 4982 ad
799 4920 1178 5001 explendum
1203 4921 1355 4982 illud
1376 4922 1556 5001 juxta
1589 4941 1694 4983 vo-

117 5015 432 5075 luntatem
477 5016 697 5085 Patris,
745 5034 860 5095 per
900 5033 1090 5093 quam
1133 5016 1519 5077 voluntatem
1561 5015 1696 5077 infi-

115 5109 252 5168 nite
281 5108 531 5183 meruit‚
563 5110 754 5171 etiam
793 5125 910 5188 pro
952 5108 1236 5169 Patribus
1272 5110 1500 5170 veteris
1549 5110 1695 5170 Tes-

121 5202 410 5278 lamenti,
439 5220 708 5280 quorum
735 5202 934 5282 gratia
953 5207 1020 5262 et'
1037 5200 1322 5264 remissio
1345 5202 1433 5263 ita
1464 5208 1697 5282 suppo-

121 5294 256 5354 suit
282 5296 406 5355 hoc
435 5302 690 5373 pactum
719 5296 880 5357 sicut
908 5296 1236 5377 supposuit
1259 5296 1482 5357 Christi
1509 5296 1694 5356 meri-

117 5393 281 5464 tum,
313 5386 550 5450 scilieet
583 5388 648 5449 in
681 5388 1050 5469 praevisione
1079 5387 1310 5450 divina.

3206 427 3323 492 ⁸47

1761 685 1981 753 Lam
2026 703 2145 750 mm
2191 689 2429 750 tenetur
2471 701 2545 748 ea·
2580 682 2844 764 justitia
2867 699 3098 764 semper
3131 698 3331 766 accep-

1843 778 2490 936 Ξῖἷὲὦῖἰεῐαεείοπωπ
2531 775 2847 840 moraliter
2885 773 3171 856 a’qualom
3213 774 3331 840 eibi

1805 1162 1814 1170 ,
1845 1097 1945 1157 52.
1978 1095 2067 1156 Ex
2094 1094 2191 1154 his
2219 1112 2370 1174 ergo
2402 1099 2645 1158 constat
2671 1092 2829 1154 falsa
2858 1109 2995 1155 esse
3026 1090 3129 1153 illa
3158 1092 3331 1172 prin-

1763 1189 1947 1268 cipia,
1980 1206 2059 1250 ex
2086 1188 2313 1268 quibus
2351 1186 2457 1248 illa
2496 1185 2779 1248 doctrina
2826 1184 3124 1258 infertum
3174 1203 3331 1266 qua-

1761 1287 2019 1364 propter
2043 1283 2108 1342 in
2128 1281 2390 1342 materia
2404 1281 2659 1359 justitiae
2688 1279 2878 1359 longe
2902 1280 3084 1342 aliter
3104 1281 3331 1359 opinor

1761 1377 2181 1456 aequalitatem
2236 1391 2373 1436 esse
2425 1374 2919 1454 intelligendam,
2969 1389 3326 1452 censeoque

1763 1469 1902 1530 fieri
1932 1487 2115 1549 posse
2156 1473 2225 1528 ut
2254 1485 2417 1528 unus
2450 1466 2675 1529 reddat
2714 1467 2893 1527 alteri
2940 1485 3075 1528 rem
3116 1483 3327 1546 oequa·

1762 1565 1887 1625 lem
1915 1563 2259 1624 secundum
2300 1563 2602 1622 moralem
2634 1561 3109 1622 aestimationem
3148 1561 3329 1622 dam-—

1763 1677 1846 1718 no
1878 1657 2071 1729 illato,
2102 1662 2210 1717 aut
2238 1657 2327 1716 rei
2356 1656 2604 1728 ablatae„
2646 1661 2752 1716 aut
2770 1643 3019 1734 'injurioe
3038 1653 3236 1728 factae,
3268 1658 3331 1714 et

1765 1749 1936 1830 quod
1978 1749 2382 1832 nihilominus
2425 1748 2869 1809 creditor-non
2912 1751 3203 1808 teneatur
3250 1763 3329 1808 ex

1757 1843 1997 1923 justitia
2026 1848 2372 1921 acceptare.
2406 1841 2475 1902 Id
2508 1840 2731 1921 probe,
2759 1841 2963 1919 primo
2984 1839 3323 1918 exemplis;

1761 1955 1912 1997 nam
1954 1935 2003 1996 si
2048 1936 2187 2015 quis
2227 1934 2309 1995 ab
2336 1933 2457 1995 alio
2486 1932 2739 1996 abstulit
2760 1951 3015 2012 equum,
3052 1937 3113 1994 et
3149 1932 3327 1992 illum

1761 2035 1968 2110 petest
2032 2026 2295 2090 reddere
2331 2072 2348 2101 ,
2410 2026 2695 2106 quamvis
2768 2025 2991 2088 reddat
3054 2027 3325 2106 pretium

1762 2122 2027 2202 aequale,
2059 2139 2185 2182 non
2214 2126 2465 2182 tenetur
2493 2120 2650 2181 alter
2668 2125 3016 2198 acceptare,
3042 2120 3188 2198 quia
3217 2121 3331 2180 ha-

1762 2215 1868 2276 bet
1891 2215 1997 2294 jus
2038 2220 2103 2274 ut
2154 2214 2422 2295 ipsamet
2468 2230 2569 2274 res
2621 2213 2685 2272 in
2733 2213 2940 2291 specie
2987 2211 3328 2288 reddatur;

1761 2307 2057 2387 idemque
2110 2314 2204 2368 est
2226 2353 2241 2381 ‚
2298 2307 2347 2367 si
2399 2305 2653 2367 abstulit
2701 2307 3008 2366 honorem
3064 2323 3079 2364 ε
3138 2321 3286 2365 nam
3307 2349 3325 2375 ,

1762 2402 2048 2480 quamvis
2075 2399 2389 2479 fingamus
2418 2417 2555 2461 esse
2590 2399 2857 2478 pecunia
2896 2396 3329 2459 aestimabilem

1764 2499 1826 2556 et
1855 2495 2251 2574 aequabilem,
2304 2495 2409 2573 qui
2445 2493 2559 2554 ruit
2592 2492 2870 2554 offensus
2906 2509 3033 2552 non
3083 2497 3330 2553 tenetur

1763 2594 2339 2668 quantamcumque
2392 2587 2727 2668 pecuniam
2772 2592 3123 2666 acceptare,
3177 2584 3227 2645 si
3267 2585 3331 2645 in

1765 2682 1973 2762 specie
2034 2683 2288 2742 honoris
2328 2687 2533 2760 potest
2579 2679 2715 2742 fieri
2759 2679 3117 2741 satisfactio.
3173 2678 3330 2739 Hinc

1767 2793 1917 2855 ergo
1936 2775 2337 2856 intelligimus
2354 2775 2607 2855 justitiae
2628 2775 2983 2854 aequitatem
3010 2769 3329 2851 postulare

1763 2869 2117 2940 interdum,
2176 2887 2305 2929 non
2356 2885 2817 2962 quamcumque
2873 2863 3328 2944 aequalitatem,

1765 2963 1878 3024 sed
1903 2963 1995 3041 (ut
2016 2961 2103 3022 ita
2145 2961 2373 3040 dicam)
2415 2961 2801 3022 identitatem
2826 3005 2840 3029 ,
2886 2959 3033 3036 quia
3074 2957 3329 3038 justitiae

1765 3073 1999 3118 munus
2028 3060 2123 3117 est
2144 3055 2483 3135 unicuique
2511 3053 2776 3116 reddere
2800 3053 2905 3133 jus
2932 3069 3117 3111 suum
3144 3071 3162 3126 ;
3200 3065 3328 3110 non

1766 3155 1983 3211 autem
1997 3148 2281 3210 redditur
2288 3150 2415 3229 jus,
2430 3148 2547 3207 nisi
2564 3146 2865 3213 reddatur
2877 3162 2979 3210 res
2996 3144 3057 3203 in
3079 3144 3334 3223 propria

1767 3244 1975 3323 specie
2004 3241 2237 3316 debita,
2270 3242 2508 3303 etiamsi
2562 3238 2821 3319 aequalis
2859 3238 2925 3299 in
2972 3238 3094 3298 alia
3122 3236 3331 3317 specie

1767 3338 1970 3399 detur.
2000 3336 2199 3409 Unde,
2233 3353 2377 3397 cum
2406 3334 2631 3395 dicitur
2654 3350 2885 3393 munus
2906 3331 3160 3411 justitias
3192 3346 3332 3391 esse

1769 3430 2191 3510 aequalitatem
2236 3428 2463 3501 facere,
2502 3444 2631 3487 aon
2668 3432 2764 3487 est
2806 3439 3013 3487 sermo
3054 3421 3135 3484 de
3177 3441 3335 3501 qua-

1767 3540 2040 3601 cumque
2080 3522 2435 3600 aequalitate
2476 3522 2711 3593 rerum,
2759 3518 2871 3581 sed
2920 3518 2999 3579 de
3046 3515 3337 3594 adaequa-

1769 3618 1939 3680 tione
1967 3618 2131 3677 inter
2151 3617 2281 3696 jus,
2318 3620 2381 3677 et
2406 3614 2573 3676 inter
2600 3612 2662 3675 id
2692 3611 2861 3693 quod
2888 3609 3188 3682 redditur,
3223 3624 3335 3669 seu

1772 3710 1966 3791 (quod
2006 3709 2175 3771 idem
2206 3710 2323 3788 est)
2361 3708 2525 3768 inter
2566 3706 2873 3768 actionem
2915 3710 2977 3766 et
3014 3701 3337 3783 obligatio-

1768 3807 1954 3873 ne‘m;
1990 3808 2231 3864 constat
2259 3807 2492 3873 autem,
2524 3798 2779 3877 quando
2806 3798 3103 3877 obligatio
3132 3801 3227 3857 est
3256 3793 3337 3856 ad

1769 3895 2163 3958 reddendum
2200 3896 2321 3957 hoc
2348 3893 2789 3967 determinate,
2824 3910 2939 3954 seu
2965 3892 3032 3951 in
3070 3888 3337 3970 particu-

1771 3990 1909 4063 lari,
1951 3988 2049 4050 vel
2080 3988 2162 4049 ad
2189 3986 2581 4049 reddendum
2608 3988 2714 4049 tali
2744 3985 2955 4059 mode,
2988 4002 3117 4047 non
3157 3980 3337 4042 satis-

1773 4084 1910 4144 fieri
1952 4080 2315 4161 obligationi
2351 4080 2673 4142 reddendo
2703 4080 2893 4140 aliam
2926 4094 3061 4139 rem
3104 4074 3335 4152 alioqui

1774 4177 2106 4254 aequalem,
2152 4174 2251 4236 vel
2296 4174 2484 4237 etiam
2514 4174 2844 4253 majorem,
2900 4171 2949 4232 si
2998 4170 3155 4231 alius
3183 4168 3337 4229 nolit

1773 4288 1912 4331 eam
1944 4274 2295 4346 acceptare.

1852 4366 1952 4425 53.
1987 4362 2165 4423 Addo
2190 4379 2340 4425 vero
2375 4360 2658 4433 ulteriuS,
2694 4360 2979 4439 quamvis
3018 4357 3179 4417 actio
3220 4373 3337 4435 per

1770 4474 1963 4535 quam
1988 4454 2272 4517 redditur
2297 4454 2563 4533 aequale,
2597 4472 2713 4533 per
2740 4471 2807 4513 se
2849 4450 3162 4513 interdum
3205 4466 3335 4511 non

1771 4549 2037 4611 sufficiat
2081 4548 2161 4609 ad
2209 4548 2710 4609 constituendam
2753 4545 3112 4624 aequitatem
3156 4542 3340 4621 justi-

1774 4642 1896 4715 tiae,
1927 4641 2351 4702 intercedente
2379 4658 2541 4701 novo
2562 4646 2744 4719 pacto
2772 4640 2933 4699 inter
2960 4636 3335 4697 creditorem

1773 4738 1836 4795 et
1866 4734 2215 4795 debitorem
2238 4732 2377 4795 fieri
2408 4750 2593 4813 posse
2618 4738 2687 4793 ut
2718 4748 2834 4811 per
2861 4748 3002 4791 eam
3026 4728 3339 4789 actionem

1765 4828 2021 4907 justitiae
2048 4828 2304 4907 aequitas
2342 4828 2772 4902 constituatur,
2816 4842 2945 4887 non
2983 4830 3239 4904 propter
3265 4822 3340 4883 Ii-

1772 4920 2053 4982 beralem
2084 4922 2359 5000 aliquam
2387 4920 2839 4993 remissionem,
2872 4934 3013 4997 quae
3033 4916 3341 4976 diminuat

1777 5014 2197 5091 aequalitatem
2216 5014 2497 5093 justitias,
2540 5013 2653 5075 sed
2686 5012 2888 5073 solum
2930 5014 3186 5089 propter
3228 5025 3340 5069 no-

1773 5126 1922 5169 vum
1952 5113 2339 5169 contractum
2363 5106 2709 5170 voluntarie
2738 5104 2972 5168 factum
2994 5118 3136 5165 cum
3166 5100 3337 5161 omni

1768 5202 2023 5281 justitiae
2062 5200 2435 5281 inqualitate.
2478 5201 2847 5261 Declaratur
2886 5195 3189 5276 exemplis
3236 5212 3339 5254 su·

1774 5313 1888 5374 pra
1930 5294 2182 5373 positis;
2218 5312 2366 5355 nam
2390 5339 2405 5368 ‚
2440 5294 2491 5355 si
2530 5294 2671 5373 quis
2700 5292 2880 5354 alteri
2908 5290 3135 5351 debeat
3174 5289 3339 5349 hunc

1776 5404 2010 5465 equum
2047 5386 2111 5447 in
2149 5388 2356 5466 specie
2378 5431 2393 5460 ,
2429 5404 2545 5466 per
2572 5406 2638 5448 se
2670 5404 2800 5447 non
2842 5383 3177 5445 satisfaciet
3200 5379 3337 5441 red·

1775 5478 1983 5541 dendo
2042 5480 2375 5559 pecuniam
2436 5480 2913 5559 aequivalentem·
2944 5496 2959 5549 ;
3014 5475 3066 5537 si
3128 5481 3339 5535 tamen

1773 5589 1918 5633 cum
1948 5572 2253 5633 creditore
2282 5572 2611 5635 conveniat
2630 5572 2709 5633 de
2734 5572 2959 5652 pretio,
2987 5576 3050 5631 et
3069 5568 3173 5630 illo
3194 5584 3339 5631 con·-
