3850 6225
508 405 628 469 554

507 513 811 576 Praeterea
847 513 1132 593 exempla
1174 511 1444 576 adducta
1483 513 1604 575 hoc
1639 512 1790 574 satis
1838 511 2065 574 conflr-

505 611 716 678 mant;
745 606 913 684 quia,
941 606 1194 686 quando
1223 593 1526 686 contingit
1551 611 1617 667 ut
1641 623 1804 668 unus
1823 611 2067 667 tantum

505 700 684 762 miles
721 718 798 762 ex
831 700 1014 764 honis
1056 701 1494 762 communibus
1533 701 1790 780 praemio
1831 701 2069 762 afficia-

505 799 630 869 tur,
664 811 782 855 nec
811 793 898 854 illi
928 791 1376 855 conferendum
1403 796 1499 854 est
1527 811 1713 854 omne
1739 793 2065 872 praemium

505 879 676 967 quod
731 879 1103 967 Respublica
1145 878 1298 947 darc·
1325 887 1552 966 potest,
1583 898 1704 948 nec
1731 881 2063 948 minimum

505 979 678 1060 quid,
723 980 860 1060 ejus
905 979 1190 1060 dignitati
1233 979 1904 1059 improportionatutn'}
1936 986 2086 1040 ser—-

503 1073 709 1134 vanda
731 1091 882 1154 ergo
921 1072 1040 1134 erit
1061 1073 1388 1152 aequalitas
1426 1072 1632 1151 aliqua
1665 1090 1778 1133 seu
1805 1089 2069 1153 propor-

503 1165 588 1228 tio
643 1167 804 1226 inter
831 1167 1200 1248 dignitatem
1242 1171 1306 1227 et
1336 1165 1724 1228 conditiones
1759 1166 1900 1227 talis
1921 1183 2067 1246 per-

505 1277 700 1333 sonoe,
729 1265 792 1320 et
810 1260 1135 1340 praemium
1174 1258 1344 1340 quod
1373 1259 1428 1320 ei
1457 1259 1666 1320 datur.
1716 1259 1929 1321 Simile
1970 1264 2066 1321 est

502 1353 568 1414 in
595 1353 904 1414 beneficio
931 1352 1336 1426 conferendo,
1371 1352 1615 1414 etiamsi
1655 1370 1782 1413 una
1817 1357 2065 1414 tantum

501 1463 770 1527 persona
801 1453 1108 1518 occurrat,
1131 1446 1232 1508 cui
1259 1446 1462 1519 detur,
1505 1445 1649 1524 quia
1683 1463 1892 1524 neque
1932 1463 2069 1506 ma-

499 1539 760 1613 ximum,
793 1556 1000 1618 neque
1029 1537 1360 1600 minimum
1385 1537 1474 1599 illi
1501 1537 1778 1600 dandum
1813 1542 1929 1612 est,
1952 1537 2067 1600 sed

501 1633 638 1712 ejus
667 1632 950 1711 dignitati
979 1633 1537 1712 proportionatum,
1571 1629 1626 1697 si
1647 1631 1785 1694 fleri
1813 1636 2059 1712 potest;

500 1727 792 1806 idemque
823 1739 938 1788 suo
967 1721 1156 1788 modo
1186 1724 1370 1788 estin
1389 1726 1652 1806 hpnore,
1685 1729 1756 1787 ut
1777 1723 1960 1788 facile
1988 1743 2066 1788 ex

501 1811 678 1884 dictis
705 1820 1092 1900 intelligitur.
1129 1821 1288 1882 Vera
1318 1823 1412 1882 est
1457 1838 1606 1898 ergo
1642 1815 1940 1900 praedicta
1984 1817 2065 1880 si-

499 1913 782 1976 mititudo
829 1915 992 1975 inter
1035 1921 1364 1993 utramque
1397 1914 1724 1994 justitiam.
1753 1912 1878 1976 Sed
1905 1927 2067 1994 Ρω-

499 1997 675 2069 tet-ea
715 2009 810 2068 est
839 2009 1032 2094 etiam
1063 2009 1210 2082 ana,-
1243 2009 1390 2088 quia
1431 2014 1698 2088 utraque
1729 2009 1918 2069 entatu
1952 2017 2067 2086 poa

497 2087 620 2200 ttici
660 2101 906 2182 dpsrnrl
946 2087 1110 2166 circa
1147 2097 1376 2165 multas
1417 2118 1720 2183 personas
1749 2147 1766 2175 ,
1823 2097 2061 2180 aliquid

501 2196 760 2276 singulis
803 2213 883 2258 cx
915 2197 1156 2278 justitia
1199 2196 1603 2272 conferendo,
1634 2201 1824 2275 atque
1871 2195 2060 2256 etiam

493 2287 662 2351 inter
687 2289 935 2364 multas,
963 2291 1072 2351 uni
1099 2290 1304 2371 potius
1331 2309 1524 2370 quam
1547 2290 1686 2351 aliis
1713 2294 1914 2352 totum
1948 2287 2063 2350 ali-

497 2382 652 2463 quid
695 2403 772 2448 ex
823 2384 1064 2466 justitia
1115 2384 1345 2446 dando.
1391 2385 1648 2458 Rursus,
1697 2383 1761 2444 in
1795 2387 2061 2460 utraque

496 2477 842 2552 functione,
865 2479 1066 2540 ambae
1084 2480 1336 2540 servant
1350 2479 1726 2557 nequitatem,
1749 2475 2066 2537 interdum

499 2573 661 2633 inter
705 2589 841 2634 rem
891 2589 1031 2651 quse
1087 2571 1306 2644 datur,
1357 2577 1422 2632 et
1475 2572 1582 2650 jus
1627 2587 1910 2650 personae
1965 2567 2066 2628 cui

497 2664 715 2738 datur,
762 2665 953 2743 quod,
987 2665 1280 2726 omnibus
1315 2665 1614 2745 pensatis,
1639 2663 1888 2742 juribus
1917 2663 2069 2722 alia·

499 2771 640 2818 rum
669 2772 1080 2838 personarum
1102 2759 1429 2840 exjustitia
1449 2756 1906 2838 praeferendum
1931 2761 2053 2828 est;

499 2849 835 2930 aliquando
862 2869 1010 2914 vero
1038 2851 1200 2912 inter
1230 2851 1700 2932 proportionem
1746 2867 1858 2911 seu
1889 2867 2063 2910 com-

500 2944 894 3024 parationem
935 2945 1440 3026 proportionum,
1491 2963 1618 3005 nou
1657 2950 1898 3004 tantum
1950 2961 2061 3022 per

499 3033 814 3111 accidens,
843 3038 956 3100 sed
987 3039 1173 3099 etiam
1205 3056 1320 3118 per
1345 3055 1435 3108 se,
1487 3043 1554 3098 ut
1600 3035 1786 3097 etiam
1819 3035 1882 3096 in
1923 3037 2063 3117 jus-

497 3130 630 3195 titia
649 3134 1092 3195 commutativa
1123 3132 1594 3193 declaravimus.
1625 3130 1884 3191 Videtur
1907 3148 2061 3207 crgo

501 3238 578 3289 ex
599 3222 776 3289 dictis
803 3226 1094 3289 omnibus
1121 3225 1405 3287 concludi
1435 3242 1560 3285 non
1589 3242 1771 3303 posse
1793 3225 1908 3284 has
1930 3224 2061 3303 jus-

498 3320 664 3383 titias
693 3322 946 3401 praecise
983 3320 1280 3400 distingui
1309 3338 1386 3381 ex
1415 3318 1780 3379 habitudine
1821 3334 1935 3379 seu
1965 3335 2061 3378 or-

498 3413 644 3475 dine
685 3414 768 3475 ad
803 3412 1158 3493 hujusmodi
1199 3412 1404 3472 varias
1445 3410 1900 3491 proportiones,
1946 3427 2058 3470 seu

499 3506 909 3587 aequalitates,
959 3512 1022 3567 et
1051 3510 1514 3584 consequenter
1541 3502 1935 3583 adaequatam
1960 3522 2063 3564 ra·-

496 3601 732 3665 tionem
755 3600 1011 3680 justitiae
1043 3598 1448 3659 distributivae
1481 3616 1608 3659 non
1637 3616 1824 3677 posse
1855 3597 2063 3659 consi-

498 3700 664 3756 stere
711 3695 776 3755 in
805 3694 908 3755 illu
942 3692 1294 3773 aequalitate
1327 3692 1801 3773 proportionum
1831 3692 2063 3753 consti-

499 3788 760 3853 tuenda.

504 4062 846 4129 Dimeims
893 4062 1060 4125 iuter
1099 4059 1418 4139 justitiam
1473 4058 1961 4121 commutantem
2006 4062 2065 4121 et

849 4152 1302 4221 distributivam
1339 4150 1719 4235 apendim.

587 4372 685 4431 ta.
735 4368 860 4431 Sed
889 4366 1032 4426 hinc
1071 4364 1334 4425 fortasse
1369 4365 1574 4423 sumet
1617 4359 1842 4439 aliquis
1885 4378 2067 4420 occa-

505 4464 746 4527 sionem
797 4457 1110 4521 incidendi
1141 4457 1205 4517 in
1237 4456 1599 4536 opinionem
1639 4452 1937 4515 Buridani
1966 4470 2068 4513 su-

505 4574 618 4638 pra
663 4553 1065 4623 insinuatam,
1113 4568 1190 4611 ex
1242 4548 1284 4609 l.
1331 4550 1368 4610 5
1401 4547 1626 4621 Ethic„
1659 4565 1721 4625 q.
1765 4548 1825 4621 7,
1859 4545 2067 4606 dicen·

503 4648 583 4711 tis
611 4646 918 4728 justitiam
966 4642 1474 4706 commutativam
1523 4646 1584 4701 et
1613 4638 2066 4700 distributivam

504 4760 632 4805 non
681 4758 818 4801 esse
857 4738 1120 4799 virtutes
1174 4736 1381 4815 specie
1423 4734 1766 4806 distinctas,
1811 4732 1922 4793 sed
1951 4730 2073 4792 dis-

505 4834 700 4897 tincta
753 4832 1010 4895 nomina
1057 4830 1468 4910 significantia
1523 4828 1814 4889 eamdem
1877 4826 2072 4886 virtu·-

507 4936 634 4991 tem
664 4928 782 4989 sub
801 4926 1061 4988 diversis
1087 4924 1493 5003 conceptibus
1523 4920 1931 5000 inadaequatis
1958 4936 2073 4999 per

507 5022 793 5085 ordinem
825 5020 905 5081 ad
920 5019 1198 5081 diversas
1227 5018 1520 5077 materias
1553 5034 1666 5076 seu
1696 5014 2065 5075 functiones

508 5115 706 5189 Quam
727 5112 1103 5175 sententiam
1129 5110 1300 5171 nulla
1318 5108 1420 5169 ille
1449 5108 1690 5171 ratione
1717 5106 2067 5179 confirmat,

509 5209 622 5271 sed
641 5214 884 5269 tantum
905 5203 1318 5281 solutionibus
1351 5202 1682 5273 rationum,
1717 5198 1944 5279 quibus
1967 5197 2073 5257 illa

509 5300 822 5363 distinctio
853 5298 1106 5379 probari
1123 5294 1314 5369 solet,
1343 5298 1528 5379 utens
1551 5293 1734 5353 tacite
1765 5292 1868 5352 illo
1901 5290 2075 5351 axio-

509 5402 872 5465 mate,‚non
917 5408 1056 5453 esse
1096 5388 1556 5452 distinctionem
1597 5403 1810 5446 rerum
1849 5382 2075 5443 admit-

508 5486 766 5549 tendam
801 5486 936 5547 sine
965 5483 1358 5555 necessitate,
1392 5478 1494 5541 vel
1521 5479 1648 5549 illo,
1679 5478 1906 5538 frustra
1938 5474 2073 5536 fleri

510 5600 626 5666 per
669 5580 852 5662 plura
883 5578 990 5643 ubi
1015 5594 1214 5648 unum
1253 5574 1499 5637 sufficit.
1535 5572 1714 5646 Quod
1735 5586 2077 5653 argumen-

1447 409 1656 464 OPUSG.
1691 409 1774 462 vt.
1813 407 2185 462 msrunrto
2217 410 2297 463 DE
2328 410 2605 464 susurra
2638 399 2757 462 Dm.

2148 519 2281 576 tum
2306 531 2435 576 non
2467 519 2633 576 esset
2670 511 3197 575 contemnendum
3216 557 3235 585 ,
3278 511 3331 572 si
3374 511 3469 574 ille
3496 504 3655 576 addu—

2144 610 2337 672 xisset
2388 626 2607 670 omnes
2639 612 2747 669 aut
2784 606 3073 668 fortiores
3108 605 3407 678 rationes,
3443 613 3505 667 et
3526 611 3657 686 posi-

2146 705 2273 766 tive
2319 703 2693 764 ostendisset
2714 720 2842 764 non
2870 719 3011 762 esse
3040 699 3509 762 convenientes:
3541 719 3655 762 nam

2146 796 2733 878 quomodocumque
2772 793 3015 856 solvere
3056 796 3164 876 aut
3198 793 3477 872 effugere
3504 796 3659 856 ratio·

2144 905 2277 965 nes,
2319 907 2447 952 non
2485 889 2635 952 satis
2662 895 2757 951 est
2782 893 2851 948 ut
2884 888 2981 948 vir
3010 886 3289 966 prudens
3322 903 3536 946 novam
3556 889 3659 966 opi-

2146 975 2400 1050 nionem
2420 977 2695 1046 inducat.
2728 979 2818 1044 Eo
2848 980 2947 1042 vet
2976 981 3249 1042 maxime
3286 979 3455 1058 quod
3478 999 3657 1042 revera

2145 1099 2275 1142 non
2309 1078 2489 1139 affert
2514 1067 2821 1138 rationem
2850 1067 3259 1155 potissimam,
3294 1077 3366 1134 ut
3392 1090 3467 1134 ex
3488 1072 3659 1133 dieen-

2144 1175 2241 1236 dis
2288 1171 2616 1234 constabit.
2650 1171 2741 1230 Ex
2782 1169 2859 1230 iis
2898 1185 3049 1230 vero
3086 1185 3227 1246 quse
3274 1161 3563 1228 hactenus
3590 1165 3659 1228 di-

2142 1269 2371 1340 ximus,
2398 1263 2645 1326 videtur
2689 1263 2793 1324 illa
2838 1261 3049 1341 opinio
3084 1259 3363 1333 suaderi,
3400 1277 3519 1320 non
3550 1265 3659 1320 tau·

2144 1368 2278 1423 tum
2306 1357 2605 1438 fugiendo
2640 1361 3035 1437 argumenta,
3066 1353 3181 1414 sed
3210 1351 3472 1432 positive
3494 1359 3659 1414 osten—

2144 1453 2353 1518 dendo
2398 1451 2807 1513 identitatem.
2840 1447 2999 1520 Quia
3040 1446 3161 1508 illua
3199 1445 3453 1525 justitie
3478 1463 3661 1506 conve·

2144 1550 2325 1611 niunt
2346 1547 2411 1608 in
2432 1545 2725 1608 omnihus
2750 1539 3199 1614 functionibus,
3232 1545 3297 1600 et
3324 1539 3389 1598 in
3418 1537 3659 1598 omnibus

2144 1641 2349 1704 modis
2392 1636 2805 1702 constituendi
2848 1635 3277 1712 aequalitatem
3310 1677 3325 1705 ,
3378 1636 3441 1692 et
3480 1630 3537 1690 in
3560 1649 3661 1690 om-

2144 1737 2331 1798 nibus
2358 1731 2747 1814 respectibus
2782 1729 2868 1792 ad
2896 1745 3093 1790 unam
3119 1726 3219 1788 vel
3251 1725 3463 1805 plures
3486 1741 3661 1802 perso-

2144 1845 2290 1902 nam
2322 1845 2473 1909 ergo
2516 1822 2663 1887 sunt
2690 1841 2817 1885 una
2842 1823 3063 1893 virtus,
3096 1838 3247 1881 nam
3266 1817 3545 1879 identitas
3568 1817 3661 1876 vir-

2144 1917 2293 1986 tutis
2336 1937 2465 1983 non
2493 1915 2697 1999 potest
2729 1913 2957 1978 melius
2996 1931 3188 1994 quarn
3228 1930 3309 1974 ex
3349 1910 3587 1980 actibus,
3614 1915 3663 1970 et
3787 1901 3788 1912 ’

2146 2019 2607 2095 consequenter
2632 2029 2711 2073 ex
2747 2009 3011 2072 materia
3052 2008 3153 2069 vel
3180 2005 3433 2085 objecto
3470 2003 3660 2082 colligi.

2144 2109 2400 2174 Accedit
2440 2105 2609 2188 quod
2636 2095 2949 2166 distinctio
2990 2098 3364 2181 pervulgata
3394 2097 3543 2156 inter
3575 2095 3665 2156 has
3787 2145 3788 2148 ,

2140 2206 2399 2267 virtutes
2440 2220 2517 2262 ex
2556 2196 2909 2279 oeqmlitate
2946 2186 3341 2256 arithmetica
3372 2193 3431 2252 et
3456 2205 3665 2270 geome-

2142 2299 2321 2372 trica,
2366 2301 2437 2358 ut
2480 2291 2754 2355 creditur
2800 2291 2867 2351 in
2920 2286 3253 2350 Aristotele
3316 2289 3381 2344 et
3422 2285 3491 2344 D.
3531 2277 3665 2342 Tho·

2108 2415 2113 2418 ·
2144 2411 2249 2453 ma
2287 2389 2571 2461 fundata,
2602 2403 2788 2448 ruere
2808 2383 3077 2452 videtur,
3120 2379 3175 2442 si
3202 2395 3356 2438 vera
3382 2381 3519 2438 sunt
3548 2393 3659 2453 quoe

2145 2485 2470 2567 posuimus
2510 2501 2527 2556 ;
2594 2497 2745 2560 ergo
2804 2480 3271 2554 consequenter
3322 2469 3659 2551 opinandum

2146 2580 2265 2642 erit
2305 2579 2561 2639 virtutes
2600 2575 2735 2636 illas
2770 2589 2899 2632 non
2926 2585 3065 2632 esse
3093 2567 3441 2629 distinctas.

2228 2675 2327 2734 14.
2372 2671 2595 2734 Prima
2650 2665 2927 2730 asser-tio.
2974 2696 3059 2711 —
3122 2661 3295 2726 Unde
3354 2656 3659 2721 menda

2140 2766 2451 2832 distinctio
2475 2763 2637 2826 iuter
2664 2761 2776 2824 has
2788 2759 3104 2840 justitias.
3126 2787 3211 2802 —
3234 2755 3365 2834 Ego
3390 2767 3529 2812 vero
3558 2765 3657 2808 non

2142 2875 2371 2921 censeo
2418 2873 2557 2918 esse
2614 2856 2731 2916 hac
2784 2854 2849 2914 in
2894 2857 3071 2932 parte
3114 2867 3153 2910 a
3202 2843 3513 2908 communi
3554 2840 3659 2916 opi-

2142 2953 2328 3013 nione
2366 2947 2791 3012 recedendum
2820 2991 2837 3019 ,
2890 2945 3005 3006 sed
3034 2941 3377 3005 dicendum
3420 2939 3525 2996 has
3562 2936 3657 2994 vir·
3762 2939 3768 2944 '

2142 3051 2306 3108 tutes
2338 3061 2477 3105 esse
2516 3041 2859 3103 distinctas.
2894 3037 3095 3110 Quod,
3139 3039 3400 3115 propter
3424 3045 3657 3090 commu·

2142 3158 2287 3201 nem
2306 3155 2560 3200 sensum
2575 3136 3000 3217 probatiorum
3020 3136 3379 3199 auctorum,
3398 3125 3473 3187 ad
3487 3124 3657 3202 plures

2142 3234 2421 3305 effectus,
2454 3234 2515 3291 et
2538 3248 2641 3291 res
2686 3246 2801 3290 seu
2842 3224 3264 3305 obligationes
3292 3218 3546 3281 morales
3578 3232 3656 3277 ex·

2138 3326 2459 3409 plicandas
2518 3339 2747 3386 censeo
2803 3338 2941 3381 esse
2986 3315 3437 3379 necessarium.
3468 3310 3651 3371 Vitium

2142 3422 2311 3483 enim
2347 3417 2724 3499 acceptionis
2754 3428 3165 3495 personarum
3209 3428 3291 3471 ex
3330 3426 3399 3469 se
3432 3424 3548 3467 non
3584 3407 3656 3463 est

2143 3513 2497 3595 oppositum
2538 3506 2792 3592 justitias
2820 3504 3310 3579 commutativoe,
3344 3504 3407 3562 et
3442 3495 3653 3578 praec-ise

2144 3612 2463 3685 sumptum
2504 3604 2585 3665 ad
2618 3600 3075 3663 restitutionem
3124 3613 3255 3657 non
3288 3594 3541 3672 obligat;
3568 3606 3657 3665 op-

2144 3701 2399 3781 ponitur
2444 3704 2652 3759 autem
2694 3694 2947 3776 justitiae
2980 3688 3407 3757 distributiva,
3439 3686 3501 3747 ut
3522 3696 3653 3740 nunc

2146 3810 2466 3873 suppono;
2498 3792 2749 3867 signum
2794 3804 2945 3865 ergo
2976 3791 3071 3847 est
3110 3785 3227 3844 has
3251 3778 3515 3862 justitias
3548 3789 3653 3833 esse

2144 3888 2487 3949 distinctas.
2518 3883 2752 3963 Opinor
2788 3885 3023 3951 autem,
3072 3878 3159 3939 ad
3202 3866 3653 3937 constituendam

2144 3982 2309 4043 hanc
2352 3976 2808 4039 distinctionem
2844 4019 2859 4046 ,
2918 3974 3053 4052 ejus
3110 3971 3418 4033 rationem
3468 3980 3586 4024 esse
3624 3977 3651 4017 a

2142 4074 2333 4155 priori
2354 4068 2740 4133 reddendam
2771 4086 2847 4128 ex
2864 4065 3133 4145 juribus,
3158 4069 3223 4125 et
3250 4080 3331 4124 ex
3348 4056 3649 4121 diversitate

2142 4166 2412 4237 illorum,
2432 4172 2587 4226 etex
2614 4161 2873 4224 diversis
2898 4159 3121 4221 debitis
3140 4174 3283 4236 quae
3310 4172 3385 4213 ex
3410 4152 3519 4211 ilhs
3542 4164 3651 4207 aas·

2142 4254 2389 4323 cuntur.
2426 4258 2503 4319 Et
2540 4274 2691 4319 sane
2720 4254 2943 4316 merito
2964 4298 2986 4327 ,
3030 4252 3177 4331 quia
3212 4250 3323 4329 jus
3360 4252 3451 4307 est
3486 4242 3651 4320 objec-

2146 4361 2281 4416 tum
2308 4351 2605 4432 justitian
2638 4366 2787 4427 ergo
2830 4344 3213 4428 justitiarum
3262 4336 3549 4402 distinctio
3594 4350 3651 4391 ex

2148 4446 2539 4509 distinctione
2584 4442 2821 4523 jurium
2848 4438 3151 4499 sumenda
3184 4439 3303 4508 cst,
3341 4449 3474 4493 cum
3500 4427 3651 4487 virtu-

2146 4546 2243 4602 tes
2299 4556 2413 4617 per
2460 4536 2703 4616 obJecta
2746 4534 3225 4611 distinguantur,
3260 4529 3419 4589 sicut
3442 4523 3529 4585 alii
3572 4521 3651 4579 ha·

2150 4636 2316 4696 bitus
2355 4637 2465 4693 aut
2514 4630 2828 4711 potentioe.
2878 4627 3151 4687 Diximus
3188 4624 3381 4702 igitur
3416 4621 3475 4679 in
3508 4630 3649 4692 supe·

2150 4726 2418 4789 rioribus
2448 4770 2465 4798 ,
2510 4724 2823 4803 objectum
2878 4718 3202 4799 proprium
3233 4714 3477 4798 justitias
3522 4724 3651 4769 com-

2152 4820 2467 4883 mutativae.
2508 4834 2647 4879 esse
2682 4816 2788 4895 jus
2828 4814 2910 4875 ita
2942 4812 3288 4891 proprium,
3334 4814 3399 4869 ut
3446 4804 3519 4866 sit
3538 4818 3649 4881 pro-

2153 4914 2357 4995 prium
2386 4911 2476 4973 rei
2522 4908 2891 4979 dominium,
2922 4905 3023 4967 vel
3044 4904 3132 4965 illi
3150 4902 3462 4964 moraliter
3496 4892 3649 4970 aequi·

2153 5006 2400 5077 valent:
2448 5002 2619 5082 quod
2668 5002 2753 5062 ibi
2810 5000 2961 5060 satis
3014 4996 3475 5059 declaravimus.
3510 4990 3645 5049 Nunc

2154 5119 2306 5180 ergo
2347 5096 2659 5169 addimus„
2692 5098 2922 5175 praeter
2958 5094 3079 5153 hoc
3099 5092 3227 5170 juS,
3258 5085 3469 5150 dariin
3492 5078 3647 5142 homi-

2154 5194 2339 5255 nibus
2368 5190 2539 5253 aliud
2582 5206 2707 5250 non
2740 5188 2827 5249 ita
2878 5184 3199 5268 proprium
3228 5200 3303 5243 ac
3330 5180 3641 5260 rigorosum.

2154 5286 2485 5349 fundatum
2538 5282 2603 5343 in
2658 5279 2932 5361 quadam
2996 5276 3297 5355 dignitate
3326 5320 3341 5347 ,
3392 5288 3491 5332 seu
3532 5283 3645 5326 con-

2156 5380 2389 5443 ditione
2434 5392 2717 5458 persona·
2740 5422 2757 5449 ,
2798 5390 2938 5453 quae
2970 5377 3063 5433 est
3090 5388 3234 5451 pars
3261 5366 3499 5445 alicujus
3514 5374 3644 5421 com·

2156 5472 2475 5535 munitatis
2522 5488 2633 5531 seu
2678 5464 3076 5547 Reipublicae,
3110 5463 3346 5524 ratione
3388 5458 3538 5537 quus
3560 5450 3641 5510 de-

2156 5568 2343 5631 betur
2376 5564 2437 5627 ei
2462 5562 2699 5647 aliquid
2738 5578 2815 5623 ex
2834 5560 3017 5623 bonis
3042 5556 3427 5639 Reipublicae,
3452 5564 3559 5615 suae
3576 5543 3641 5605 di-
