3850 6225
544 428 665 492 45⁶

546 536 713 616 quod
752 533 933 596 duret
983 554 1057 595 eo
1108 540 1387 615 tempore
1441 536 1537 595 vel
1567 539 1909 606 momente,
1939 533 2110 611 quod

544 636 965 711 opportunum
1000 634 1093 689 est
1142 630 1222 689 ad
1273 630 1701 710 recipiendum
1752 627 2104 707 praemium,

541 730 613 784 ut
638 724 1027 785 declaratum
1058 729 1171 783 est.
1210 726 1353 785 Hmc
1382 730 1592 784 autem
1628 721 1980 803 promissio,
2026 720 2106 781 ad

542 824 741 879 totum
770 814 919 877 illud
954 816 1123 895 quod
1149 818 1212 877 in
1243 836 1317 877 ea
1348 817 1743 895 promittitur,
1771 819 1832 875 et
1862 833 1936 874 eo
1973 832 2104 873 mo-

543 910 623 971 do
667 928 791 989 quo
839 911 1247 989 promittitur,
1300 910 1593 989 supponit
1634 909 2104 989 proportipnem

542 1003 951 1065 sufficientem
1000 1004 1063 1063 in
1118 1022 1193 1065 eo
1242 1022 1431 1083 opere
1486 1004 1583 1065 eui
1636 1004 1707 1064 fit
1734 1000 2099 1083 promissi03

542 1096 688 1177 quia
718 1100 780 1157 et
808 1102 901 1157 est
936 1115 1092 1176 opus
1120 1098 1357 1175 gratioe,
1391 1116 1530 1177 quae
1570 1096 1648 1157 de
1700 1114 1767 1157 se
1822 1100 1915 1155 est
1961 1112 2104 1173 per-

540 1196 753 1269 petua,
787 1195 847 1250 et
876 1208 1094 1250 semen
1124 1190 1361 1269 gloriae,
1394 1196 1455 1251 et
1483 1188 1946 1269 quodammodo
1973 1187 2104 1248 dei-

543 1281 689 1344 ficat
731 1283 1051 1343 hominem
1108 1288 1171 1343 et
1228 1289 1686 1363 consequenter
1728 1282 1915 1343 etiam
1967 1282 2104 1359 ejus

544 1394 772 1455 opera;
808 1382 870 1436 et
898 1382 994 1436 est
1022 1393 1180 1455 opus
1209 1382 1464 1455 propter
1490 1378 1689 1437 Deum
1714 1376 1974 1451 factum,
2027 1393 2104 1434 ex

543 1468 805 1547 ejusque
848 1469 1125 1529 motione
1167 1476 1229 1529 et
1274 1469 1533 1544 auxilio,
1580 1476 1642 1529 et
1688 1474 1946 1547 propter
1987 1467 2103 1527 hos

540 1561 753 1623 titulos
784 1562 867 1623 ita
919 1560 975 1621 ei
1030 1560 1349 1641 placitum,
1380 1568 1472 1636 ut,
1536 1568 1838 1641 quantum
1888 1580 1966 1623 ex
2009 1578 2100 1633 se,

539 1660 797 1717 maneat
824 1672 1073 1733 semper
1106 1656 1173 1715 in
1224 1656 1361 1735 ejus
1412 1656 1862 1734 acceptatione,
1894 1672 2102 1733 neque

540 1748 748 1828 quoad
777 1748 897 1808 hoc
929 1749 1123 1827 possit
1148 1767 1260 1826 per
1300 1750 1747 1829 superveniens
1773 1754 2104 1828 peccatum

537 1841 773 1903 destrui
802 1848 908 1903 aut
942 1843 1263 1902 maculari.
1300 1842 1475 1907 Unde
1506 1843 1575 1903 fit
1610 1842 1868 1904 tandem
1918 1850 1988 1902 ut
2027 1842 2105 1902 sit

542 1934 813 1995 maxime
846 1935 1381 2015 proportionatum
1410 1936 1489 1996 ad
1514 1936 1988 2015 promissionem
2016 1934 2105 1993 in-

540 2027 813 2089 fallibilis
841 2028 1077 2107 praemii
1109 2029 1226 2089 sub
1256 2029 1609 2091 conditione
1634 2048 1647 2088 :
1686 2028 1766 2093 Si
1804 2030 1871 2089 in
1896 2027 2106 2109 qratia

541 2122 879 2184 decesserit.
912 2140 1046 2195 seu,
1081 2122 1251 2201 quod
1282 2121 1447 2181 idem
1480 2129 1606 2183 est:
1647 2121 1725 2185 Si
1753 2122 1817 2182 in
1846 2139 2105 2203 persona

540 2232 660 2275 non
688 2211 775 2277 sit
797 2213 1299 2295 impedimentum.
1328 2216 1603 2293 Negatur
1630 2234 1783 2293 ergo
1822 2214 1988 2293 quod
2039 2214 2104 2275 in

544 2307 896 2386 objectione
948 2308 1317 2379 assumitur;
1364 2326 1507 2367 nam
1552 2309 1813 2387 justitia,
1852 2326 1991 2387 qute
2043 2308 2104 2367 in

546 2401 661 2462 hoc
684 2420 873 2480 opere
900 2401 1250 2473 intervenit,
1277 2402 1337 2461 in
1362 2402 1477 2463 hac
1500 2403 1824 2481 posteriori
1845 2402 2104 2481 promis-

542 2491 716 2553 sione
750 2492 1067 2568 i'undatur,
1100 2498 1161 2555 et
1196 2496 1325 2555 haec
1367 2496 1905 2574 proportionatum
1945 2512 2104 2573 opus

544 2586 857 2666 supponit,
890 2593 958 2647 ut
988 2586 1392 2648 ostendimus.
1434 2591 1557 2649 Nec
1590 2588 1776 2649 refert
1810 2588 1980 2668 quod
2017 2594 2106 2648 ta-

540 2680 625 2740 lia
664 2698 855 2759 opera
893 2687 1107 2760 postea
1149 2682 1515 2745 mortificata
1548 2683 1690 2755 sint,
1741 2682 1885 2761 quia
1941 2682 2104 2743 dieta

543 2774 871 2853 promissio
902 2793 1027 2835 non
1072 2774 1140 2835 fit
1166 2776 1285 2836 illis
1323 2776 1409 2837 sic
1437 2776 1841 2849 mortificatis,
1872 2777 1982 2837 sed
2021 2778 2105 2836 vi-

542 2867 660 2941 viS,
700 2873 761 2930 et
788 2868 849 2929 in
882 2869 1081 2951 gratia
1112 2869 1312 2933 factis,

874 3122 1005 3196 Qua
1036 3123 1268 3187 ratione
1294 3125 1645 3204 loquendum
1664 3127 1773 3188 sit.

632 3335 726 3394 17.
769 3333 891 3395 Sed
946 3341 1183 3414 quoeret
1229 3335 1483 3396 tandem
1532 3337 1758 3418 aliquis
1788 3339 2104 3417 quomodo

547 3425 907 3506 simpliciter
924 3425 1307 3505 loquendum
1330 3428 1407 3488 sit
1431 3429 1508 3490 de
1532 3430 1964 3491 reviviscentia
1981 3450 2108 3492 me-

549 3519 845 3592 ritorum3
896 3539 975 3582 an
1004 3519 1169 3598 quod
1209 3521 1287 3582 sit
1308 3521 1558 3598 justitiae
1588 3541 1767 3603 opuS,
1796 3523 1897 3583 vel
1927 3523 2108 3585 mise-

546 3611 863 3674 ricordioe‘!
893 3613 1329 3692 Respondetur
1356 3614 1558 3694 primo
1591 3617 1739 3677 satis
1777 3618 2106 3680 commode

550 3703 671 3766 dici
722 3723 907 3786 posse
962 3705 1284 3786 utriusque
1334 3708 1575 3768 virtutis
1626 3728 1782 3788 opus
1839 3729 2000 3787 esse,
2045 3717 2110 3774 et

548 3803 879 3877 utramque
910 3799 973 3858 in
1006 3799 1123 3860 hoe
1152 3801 1403 3878 negotio
1433 3807 1559 3861 tam
1600 3802 1870 3863 illustres
1896 3811 2108 3883 partes

547 3891 807 3967 habere,
856 3899 920 3953 ut
944 3893 1043 3952 vix
1072 3893 1265 3972 possit
1293 3893 1395 3954 uni
1446 3896 1649 3973 potius
1692 3915 1883 3975 quam
1931 3898 2110 3960 alteri

546 3985 755 4046 tribui.
790 3984 965 4056 Quod
1006 3985 1057 4046 si
1084 3986 1161 4046 de
1194 3987 1485 4048 omnibus
1507 3989 1798 4067 operibus
1823 3991 1936 4050 Dei
1959 3992 2109 4052 scri-

549 4085 723 4158 ptum
766 4082 889 4140 est:
936 4079 1387 4144 Universm-oioe
1406 4083 1651 4144 Domini
1696 4083 2114 4148 misericordia

546 4177 607 4234 et
620 4173 867 4246 verita-5,
888 4171 1127 4232 nullum
1160 4174 1273 4234 erit
1302 4174 1748 4236 inconveniens
1774 4176 1944 4256 quod
1967 4177 2112 4239 huic

548 4265 719 4344 operi
743 4265 929 4326 veluti
952 4285 1066 4344 per
1086 4267 1583 4326 antonomasiam
1600 4269 1719 4330 hoc
1734 4270 2107 4333 tribuamus,

550 4357 781 4418 Deinde
843 4358 1100 4431 dicitur,
1156 4359 1236 4418 ad
1308 4361 1815 4440 respondendum
1876 4363 2111 4441 aliquid

548 4452 748 4530 magis
770 4452 833 4512 in
864 4451 1246 4531 particulari,
1282 4455 1636 4514 necessario
1658 4455 1865 4534 potius
1894 4457 2111 4517 tollen-

547 4545 694 4606 dam
748 4564 885 4605 esse
937 4545 1407 4624 ambiguitatem
1460 4547 1650 4608 vocis.
1684 4549 1839 4608 Nam
1892 4549 2112 4610 revivi-

550 4638 783 4698 scentia
810 4638 1173 4698 meritorum
1202 4637 1553 4718 significare
1576 4647 1779 4719 potest
1794 4641 1891 4701 vel
1910 4642 2110 4702 solam

546 4731 925 4791 ablationem
960 4730 1411 4810 impedimenti,
1444 4751 1569 4812 quo
1599 4734 1822 4794 merita
1850 4734 2110 4794 mortifi-

546 4823 852 4886 cabantur
876 4869 891 4896 ‚
946 4823 1045 4884 vel
1106 4825 1305 4886 solam
1362 4827 1848 4888 retributionem·
1890 4829 2109 4888 talium

546 4917 933 4990 meritorum,
967 4935 1079 4976 seu
1108 4917 1601 4997 acceptationem
1623 4920 1704 4980 ad
1732 4919 1923 4994 illam,
1959 4940 2110 5001 qua-

520 5001 730 5072 'tenus
762 5009 947 5072 durat
988 5009 1177 5070 etiam
1209 5031 1320 5090 pro
1358 5011 1461 5072 illo
1492 5018 1654 5074 statu
1674 5013 1740 5072 in
1762 5031 1887 5094 quo
1916 5015 2106 5074 homo

546 5123 584 5164 a
642 5109 899 5184 peccato
943 5104 1241 5172 surrexit;
1292 5111 1625 5183 utrumque
1668 5107 1833 5167 enim
1864 5107 2110 5167 videtur

545 5216 730 5277 posse
761 5197 865 5257 illa
915 5215 1067 5257 voce
1106 5195 1466 5276 significari.
1512 5201 1690 5272 Nam,
1738 5217 1881 5258 cum
1921 5201 2112 5262 meri-

544 5297 677 5351 tum
702 5308 815 5370 per
856 5288 1055 5350 solam
1100 5289 1635 5369 interpositionem
1663 5293 1901 5371 peccati
1945 5313 2113 5354 mor-

544 5382 841 5446 tificatum
874 5383 971 5448 sit,
1002 5401 1115 5462 per
1130 5381 1331 5443 solam
1358 5384 1547 5444 etiam
1576 5385 1954 5447 ablationem
1975 5388 2112 5465 ejus

547 5475 791 5538 videtur
810 5473 1136 5547 vivificari'3
1170 5479 1252 5548 et,
1287 5475 1433 5555 quia
1461 5477 1751 5538 meritum
1772 5477 1835 5537 in
1868 5485 2110 5540 tantum

546 5569 769 5632 dicitur
823 5587 962 5632 esse
1008 5569 1241 5643 vivum,
1298 5569 1361 5630 in
1409 5577 1714 5650 quantum
1758 5572 2108 5634 secundum

1140 430 1349 487 OPL'SC.
1392 436 1446 486 V.
1483 432 1784 485 numerio
1818 434 1899 484 DE
1933 430 2408 486 itEVlVlSCENTIA
2441 409 3098 487 ntEn1T0nUM.‘tht¹U·r.
3137 436 3173 487 1.

2191 540 2566 613 praesentem
2597 534 2902 613 justitiam
2937 541 3029 595 est
3055 536 3278 595 efficax
3321 538 3386 595 et
3431 542 3723 615 acceptum
3802 512 3803 579 Ῠ

2191 628 2272 687 ad
2318 628 2665 707 praemium,
2696 626 2837 687 ideo
2874 628 3056 687 etiam
3089 629 3206 688 boc
3257 628 3518 688 nomine
3545 635 3641 689 aut
3663 632 3724 690 ti-
3802 632 3803 645 ¹

2189 720 2319 781 tulo
2359 721 2589 799 optime
2636 720 3004 781 reviviscere
3047 721 3292 787 dicitur.
3333 728 3636 799 quatenus
3673 724 3724 783 in

2189 813 2308 873 hoc
2337 814 2617 891 subjecto
2647 813 2860 889 incipit
2901 812 3136 873 habere
3173 814 3524 873 efficaciam
3565 814 3620 871 in
3645 834 3724 873 or-

2187 907 2330 968 dine
2363 907 2443 967 ad
2474 906 2820 987 praemium.
2855 906 3048 967 Priori
3089 924 3241 986 ergo
3287 906 3484 967 modo
3535 908 3725 967 reviri-

2187 1002 2422 1063 seentia
2471 1001 2840 1061 meritorum
2889 1000 3129 1061 dicetur
3157 1020 3296 1061 esse
3329 1018 3495 1079 opus
3521 1002 3727 1061 miseri·

2187 1084 2444 1165 cordiae;
2475 1093 2800 1173 posteriori
2827 1098 3034 1154 autem
3063 1094 3254 1155 modo
3279 1112 3424 1155 esse
3453 1112 3608 1172 opus
3619 1096 3722 1172 jus-

2187 1188 2358 1261 titiae,
2407 1186 2857 1267 praesupposita
2883 1186 3347 1259 misericordia;
3385 1188 3558 1247 nulla
3587 1190 3724 1248 enim

2185 1286 2389 1361 potest
2423 1298 2560 1343 esse
2585 1279 2826 1359 justitia
2873 1297 3012 1357 quae
3057 1280 3294 1359 obliget
3335 1282 3577 1354 Deum,
3611 1299 3724 1359 qnae

2185 1374 2676 1437 misericordiam
2697 1391 2821 1434 non
2846 1380 3176 1453 supponat.
3203 1374 3356 1446 Quae
3375 1373 3588 1435 omnia
3605 1376 3724 1435 satis

2185 1473 2402 1547 patent
2432 1486 2509 1529 ex
2535 1467 2736 1529 dictis.

2267 1562 2366 1622 18.
2407 1561 2675 1634 Ultimo,
2729 1580 2806 1621 ex
2867 1560 3047 1621 dictis
3093 1558 3278 1621 facile
3329 1559 3728 1639 expediuntur

2183 1656 2310 1716 duo
2343 1654 2560 1715 ultima
2601 1654 3010 1714 fundamenta
3057 1670 3298 1727 eorum,
3369 1653 3482 1733 qui
3521 1658 3724 1730 negant

2187 1748 2447 1810 Paulum
2477 1749 2542 1807 in
2567 1753 2780 1808 nostro
2821 1748 3098 1807 themate
3143 1746 3314 1825 loqui
3351 1746 3434 1807 de
3459 1746 3724 1825 operibus

2184 1840 2593 1917 mortificatis,
2625 1860 2764 1921 quae
2801 1840 2864 1899 in
2893 1840 3166 1901 sectione
3195 1842 3402 1920 prima
3433 1840 3730 1919 proposui-

2185 1953 2348 2007 muS,
2399 1952 2747 2012 eorumque
2803 1933 3178 1994 solutionem
3234 1934 3299 1994 in
3333 1932 3510 1992 hune
3555 1933 3732 1992 locum

2185 2028 2662 2089 reservavimus.
2695 2028 2904 2090 Unum
2931 2029 3088 2101 erat,
3113 2026 3258 2106 quia
3281 2026 3426 2086 haec
3451 2026 3732 2086 restitutio

2183 2121 2548 2181 meritorum
2615 2139 2740 2180 non
2811 2128 2904 2181 est
2953 2138 3113 2200 opus
3171 2119 3472 2199 justitiae:
3531 2119 3732 2179 Paulas

2185 2220 2398 2275 autem
2441 2214 2718 2292 loquitur
2761 2213 2840 2273 de
2873 2232 3087 2293 opere,
3133 2221 3194 2274 et
3221 2212 3634 2273 retributione
3671 2231 3732 2270 ex

2179 2306 2440 2387 justitia.
2477 2309 2880 2385 Assumptum
2911 2306 3384 2377 ostendebatur,
3433 2306 3582 2384 quia
3611 2324 3732 2383 pec-
3802 2340 3803 2347 κ

2187 2406 2360 2462 cator
2383 2401 2532 2461 dum
2557 2406 2650 2459 est
2681 2398 2740 2459 in
2771 2405 2936 2459 statu
2964 2401 3194 2478 peccati
3229 2398 3478 2458 nullum
3501 2398 3602 2477 jus
3621 2400 3729 2476 jus-
3802 2442 3803 2447 η

2187 2496 2332 2556 titiae
2386 2500 2672 2573 respectu
2723 2494 2836 2553 Dei
2864 2494 3137 2553 retinere
3173 2499 3404 2571 potest.
3459 2492 3556 2552 Ad
3583 2494 3726 2570 quod

2185 2587 2456 2649 breviter
2483 2586 2748 2647 dicimus
2775 2604 2994 2646 verum
3039 2604 3178 2647 esse
3211 2591 3610 2665 peccatorem
3631 2606 3722 2663 pro

2186 2700 2261 2742 eo
2305 2686 2469 2741 statu
2527 2680 2590 2740 in
2639 2698 2705 2739 se
2760 2679 2998 2739 nullum
3045 2679 3284 2739 habere
3315 2678 3430 2757 jus
3474 2678 3720 2755 justitiae.

2187 2792 2312 2853 quo
2366 2776 2566 2835 Deum
2613 2773 2692 2834 ad
2720 2774 2956 2851 aliquid
3004 2772 3322 2853 agendum
3381 2772 3630 2851 obliget,
3673 2779 3726 2831 ut

2187 2868 2418 2948 optime
2449 2874 2890 2947 argumentum
2919 2867 3162 2946 probat.
3195 2868 3270 2927 Et
3291 2884 3410 2945 per
3437 2884 3508 2925 se
3559 2872 3725 2945 patet,

2187 2962 2336 3041 quia
2361 2961 2512 3022 dum
2541 2961 2605 3021 in
2637 2978 2713 3021 eo
2758 2968 2923 3021 statu
2964 2961 3321 3040 perstiterit,
3375 2954 3536 3020 nihil
3557 2980 3592 3019 a
3621 2962 3728 3020 Deo

2189 3074 2266 3117 ex
2286 3054 2526 3136 justitia
2553 3060 2994 3134 consequetur,
3029 3073 3236 3135 neque
3271 3054 3468 3118 etiam
3507 3058 3730 3116 tenetur

2186 3152 2354 3212 Deus
2383 3169 2458 3209 ex
2471 3149 2709 3229 justitia
2741 3167 2888 3210 eum
2912 3149 2992 3210 ab
3031 3149 3136 3210 illo
3169 3155 3336 3210 statu
3375 3167 3620 3210 eruere.
3650 3149 3730 3207 Ni-

2189 3243 2525 3304 hilominus
2545 3249 2756 3303 tamen
2787 3242 2940 3302 illud
2960 3243 3092 3322 jus,
3115 3249 3434 3322 quatenus
3461 3243 3732 3302 fundatur

2187 3338 2251 3398 in
2275 3337 2517 3410 merito,
2547 3335 2716 3414 quod
2755 3337 2819 3395 in
2856 3336 3068 3396 divino
3119 3341 3466 3416 conspeetu
3507 3354 3732 3413 semper

2187 3447 2465 3509 praesens
2494 3434 2730 3501 manet,
2770 3428 2854 3489 ita
2883 3429 3073 3489 etiam
3105 3435 3474 3508 perseverat
3501 3431 3564 3489 in
3593 3430 3732 3508 ejus-

2189 3523 2332 3584 dem
2372 3522 2816 3600 acceptatione,
2859 3525 2928 3582 ut
2973 3521 3180 3582 ablato
3223 3523 3668 3602 impedimento
3701 3541 3728 3578 a

2189 3633 2458 3695 persona
2483 3614 2690 3674 statim
2709 3615 2769 3673 in
2793 3615 2929 3694 ipsa
2959 3615 3198 3676 redeat.
3229 3617 3306 3676 Et
3331 3617 3398 3676 in
3429 3615 3599 3676 idem
3623 3616 3730 3674 fere

2189 3707 2350 3774 redit
2387 3707 2558 3786 quod
2601 3709 2842 3779 ScotuS,
2895 3707 3290 3769 distinctione
3319 3709 3622 3788 vigesima
3651 3727 3730 3766 se-

2189 3802 2416 3876 cunda,
2467 3801 2634 3874 dicit,
2659 3801 2764 3880 jus
2805 3802 3150 3880 peccatoris
3179 3820 3580 3881 permanere,
3611 3819 3726 3861 esse

2188 3902 2400 3956 tamen
2453 3913 2827 3972 suspensum
2873 3895 3175 3974 quamdiu
3209 3900 3309 3956 est
3349 3897 3418 3955 in
3461 3898 3723 3975 peccato:

2190 3989 2290 4049 vel
2316 3987 2487 4067 quod
2515 3988 2700 4048 etiam
2731 3988 2838 4062 ait,
2891 3997 3290 4066 peccatorem
3327 3991 3598 4050 retinere
3617 3988 3722 4066 jue,

2194 4086 2560 4142 nontamen
2598 4081 2907 4142 actionem
2945 4089 3232 4161 respectu
3283 4083 3425 4148 Dei,
3457 4081 3724 4161 quamdiu

2191 4175 2256 4234 in
2287 4175 2390 4235 illo
2438 4181 2600 4234 statu
2647 4181 2992 4253 permanet.
3025 4177 3144 4236 Res
3177 4175 3346 4236 enim
3374 4176 3594 4237 eadem
3620 4181 3718 4242 est;

2193 4268 2416 4329 melius
2473 4287 2620 4328 vero
2676 4267 2899 4328 dicitur
2942 4268 3048 4347 jus
3091 4267 3242 4327 illud
3287 4287 3650 4347 permanere
3675 4268 3724 4324 in
3802 4313 3803 4316 η

2193 4361 2624 4439 acceptatione
2682 4361 2831 4432 Dei,
2875 4379 3064 4440 quam
3107 4361 3173 4421 in
3221 4361 3356 4440 ipso
3403 4367 3722 4442 peccatore.
3802 4417 3803 4426 ἶ

2191 4453 2440 4532 Replica
2480 4459 2693 4514 autem
2739 4470 2876 4530 qnae
2907 4454 2988 4514 ibi
3027 4453 3241 4526 fiebat,
3298 4455 3504 4514 solum
3534 4455 3726 4533 probat

2193 4564 2352 4625 opus
2391 4547 2509 4606 hoc
2537 4546 2790 4624 justitiae
2839 4564 3194 4625 supponere
3235 4547 3424 4626 plura
3449 4547 3722 4608 beneficia

2190 4639 2650 4714 misericordias,
2697 4639 2866 4718 quad
2907 4658 3022 4701 nos
3065 4642 3494 4702 concessimus
3525 4630 3722 4720 et’jam

2191 4731 2665 4794 declaravimus,

2274 4831 2370 4890 19.
2429 4829 2642 4905 Neque
2695 4833 2908 4888 contra
2955 4829 3116 4888 hanc
3154 4830 3462 4908 justitiam
3504 4829 3724 4890 obstant

2189 4922 2380 4982 verba
2407 4919 2660 4982 Concilii
2687 4920 3028 4981 Tridentini
3059 4921 3140 4982 ibi
3174 4922 3240 4982 in
3273 4923 3495 4984 ultimo
3531 4921 3724 4980 funda·

2189 5022 2401 5077 mento
2432 5015 2698 5076 adducta
2720 5033 2735 5085 ;
2761 5015 2896 5093 jam
2925 5015 3090 5074 enim
3121 5015 3512 5077 ostendimus
3541 5035 3607 5075 ex
3636 5033 3722 5074 eo-

2190 5108 2335 5169 dem
2365 5107 2659 5182 Concilio,
2688 5107 2980 5168 meritum
3007 5107 3084 5170 de
3109 5109 3448 5188 condigno,
3489 5117 3552 5170 ut
3577 5125 3722 5168 coro-

2191 5221 2274 5262 na
2289 5201 2542 5282 justitiae
2569 5199 2657 5260 illi
2684 5199 3084 5274 retribuatur,
3117 5219 3244 5261 non
3271 5203 3581 5281 postulare
3601 5219 3719 5281 per-

2195 5300 2450 5374 petuam
2487 5295 3040 5372 perseverantiam,
3085 5312 3226 5368 quae
3279 5313 3593 5375 nunquam
3643 5295 3720 5352 in·

2197 5392 2620 5466 terrumpatur
2648 5404 2684 5445 a
2710 5391 2993 5465 tempore
3024 5405 3147 5465 quo
3175 5386 3246 5448 fit
3283 5389 3562 5449 meritum
3581 5435 3595 5460 ‚
3625 5407 3714 5444 ns-

2192 5498 2316 5558 que
2358 5479 2438 5540 ad
2480 5479 2670 5540 finem
2713 5480 2876 5551 vitae,
2913 5481 3022 5540 sed
3063 5481 3234 5540 illam
3278 5483 3552 5542 sufficere
3589 5499 3711 5558 quae

2191 5573 2272 5634 ad
2305 5573 2557 5634 finalem
2607 5575 3160 5652 perseverantiam,
3211 5594 3324 5636 seu
3367 5575 3446 5637 ad
3477 5576 3714 5637 morien-
