3850 6225
800 369 933 421 ΕΑΓ.
970 371 1099 424 XIII.
1134 369 1317 422 ‘rom
1351 369 1745 423 LIBER'I'ATEH
1772 371 1984 434 Quom)
2017 371 2414 430 Exssnclrmu.
2451 371 2586 426 E'm.

132 481 283 544 turae,
310 468 447 547 quia
476 473 567 530 est
588 469 927 530 necessitas
964 470 1329 550 simpliciter
1368 478 1431 534 et
1460 489 1639 550 aeque

128 580 453 644 repugnans
514 561 799 633 libertati,
852 568 921 625 nt
972 565 1201 627 clarius
1256 566 1551 645 explicuit
1603 568 1641 628 3

127 662 265 718 cont.
304 655 501 725 Gent.,
540 671 671 732 cap.
719 655 823 728 90,
873 655 979 716 ubi
1030 659 1221 718 etiam
1266 659 1639 738 Gregorium

124 753 417 812 Nissenum
452 749 654 809 statim
699 749 1018 811 citandum
1062 753 1285 814 eodem
1314 753 1503 814 modo
1532 771 1641 816 ex-

123 843 314 923 posuit.

192 940 273 998 10.
316 935 643 1016 Gregorius
692 939 883 1018 igitur
932 940 1251 1015 Nissenus,
1306 941 1416 1002 lib.
1472 944 1507 1001 7
1562 940 1639 1000 de

134 1029 469 1107 philosoph„
500 1047 555 1091 c.
589 1033 646 1105 1,
677 1036 739 1091 et
762 1032 867 1092 lib.
898 1033 959 1107 8,
993 1052 1131 1112 cap.
1164 1035 1203 1094 4
1244 1038 1307 1094 et
1350 1033 1489 1100 ult..
1520 1033 1641 1094 hoc

126 1143 285 1184 sensu
312 1123 412 1195 ait,
444 1140 519 1182 88
549 1141 691 1202 quae
724 1131 872 1186 sunt
898 1144 975 1186 ex
1000 1127 1185 1187 nobis
1222 1145 1349 1186 non
1390 1145 1529 1186 esse
1566 1144 1644 1186 ex

124 1216 496 1296 providentia,
530 1218 705 1294 quod
732 1237 859 1280 non
910 1225 1119 1298 potest
1148 1221 1327 1280 aliter
1360 1219 1643 1300 intelligi,

122 1313 217 1370 nisi
245 1329 363 1370 non
404 1329 539 1371 esse
578 1329 661 1371 ex
704 1313 1027 1374 voluntate
1066 1314 1176 1374 Dei
1226 1312 1650 1392 praedetermi-

122 1409 283 1463 naute
324 1421 437 1464 nos
484 1403 567 1464 ad
606 1423 827 1468 unum.
885 1406 1203 1468 Tribuitur
1257 1406 1443 1468 etiam
1493 1405 1647 1466 inud

122 1516 251 1574 opus
272 1497 573 1569 Nemesio‚
616 1497 729 1558 lib.
773 1498 853 1560 de
886 1501 1022 1560 Nat.
1055 1499 1255 1575 hom„
1286 1499 1397 1560 ubi
1424 1501 1503 1560 de
1528 1499 1648 1560 hoc

125 1591 375 1668 disputat,
404 1608 441 1648 a
474 1609 623 1670 cap.
665 1593 747 1654 39
789 1611 990 1671 usque
1022 1592 1106 1654 ad
1129 1595 1233 1666 44,
1278 1600 1341 1656 et
1383 1594 1649 1654 habetur

124 1691 245 1744 tom.
274 1685 309 1745 8
332 1683 483 1744 Bibl.

190 1778 365 1852 Atque
406 1776 637 1836 eodem
696 1777 885 1839 modo
930 1795 1057 1856 quo
1110 1780 1537 1840 Damascenus
1584 1786 1648 1840 et

124 1869 379 1930 Nissenus
416 1869 703 1949 loquitur
734 1870 1185 1942 Theodoretus,
1217 1871 1324 1931 lib.
1362 1875 1403 1933 4
1440 1873 1643 1934 Divin.

128 1961 289 2034 decr„
342 1981 473 2042 cap.
533 1963 621 2024 de
684 1963 957 2034 Provid.,
1018 1963 1127 2024 ubi
1178 1963 1400 2024 eodem
1460 1983 1649 2026 sensu

122 2055 191 2114 ait
213 2055 447 2116 virtutes
472 2059 539 2116 et
568 2056 747 2129 vitia,
780 2074 893 2116 seu
916 2055 1147 2116 liberas
1186 2057 1485 2132 actiones,
1516 2078 1645 2120 non

122 2166 231 2207 esse
251 2167 319 2208 ex
336 2147 757 2226 providentia,
778 2147 1031 2219 scilicet,
1056 2149 1645 2227 praedeterminante

120 2241 423 2301 voluntates
448 2247 728 2302 nostras,
766 2241 879 2302 Hic
920 2239 1087 2301 enim
1118 2247 1213 2302 est
1240 2243 1433 2323 hujus
1476 2244 1649 2306 locu-

118 2333 267 2392 tionis
300 2351 513 2394 sensus
543 2339 619 2394 et
657 2334 885 2394 modus
928 2333 1099 2412 apud
1140 2334 1411 2408 GraecOS,
1460 2336 1649 2398 etiarn

118 2427 497 2506 PhilosophoS,
543 2430 627 2487 ut
654 2433 899 2488 constat
926 2446 1001 2488 ex
1030 2427 1293 2499 Plotino,
1328 2428 1436 2488 lib.
1491 2431 1531 2490 2
1568 2430 1647 2492 de

114 2519 343 2591 Provid„
366 2538 499 2598 cap.
532 2523 610 2592 5,
633 2525 697 2582 et
721 2520 955 2580 Marsil.
980 2521 1216 2594 Ficino‚
1242 2521 1351 2596 ibi,
1374 2528 1435 2583 et
1459 2523 1649 2585 Sene-

120 2631 197 2683 ca,
218 2612 357 2672 libro
385 2612 460 2674 de
486 2613 679 2674 Fato·

180 2705 473 2782 Origenes,
510 2705 627 2766 lib.
663 2708 704 2766 2
735 2705 1075 2779 Pei-iareb„
1116 2725 1253 2786 cap.
1300 2709 1399 2780 12,
1434 2707 1501 2768 in
1542 2725 1649 2770 eo-

122 2795 239 2856 dem
270 2816 443 2858 sensu
487 2801 580 2860 ait
626 2817 750 2861 nos
786 2817 914 2860 non
954 2799 1189 2862 habere
1233 2819 1269 2858 a
1314 2800 1437 2860 Deo
1480 2801 1649 2878 quod

120 2889 317 2948 bonum
360 2891 457 2952 vel
492 2892 745 2952 malum
776 2883 1093 2966 uvelimus,
1150 2891 1383 2954 scilicet
1429 2911 1467 2952 a
1513 2893 1647 2954 solo

126 2983 247 3055 Deo,
272 2983 358 3044 vel
386 3002 461 3045 ex
502 2984 755 3046 efficaci
784 2985 1437 3064 praedeterminatione
1472 2985 1641 3065 ejus;

128 3093 227 3134 non
250 3078 393 3138 euim
420 3079 523 3141 vel
550 3079 925 3158 generalem
954 3097 1329 3142 concursum
1358 3079 1425 3139 in
1464 3085 1646 3142 natu-

122 3167 335 3243 ralibus,
356 3172 453 3233 vel
481 3172 767 3251 speciale
789 3172 1089 3233 auxilium
1112 3172 1176 3231 in
1200 3178 1649 3250 supernatura-

118 3260 249 3321 libus
280 3264 465 3341 potuit
514 3264 885 3327 excludere.
930 3266 1005 3327 Et
1038 3266 1127 3326 sie
1172 3265 1360 3326 etiam
1398 3266 1641 3327 dixerat

120 3372 233 3432 cap.
259 3356 313 3429 9,
342 3357 615 3417 liberum
662 3357 987 3417 arbitrium
1026 3357 1221 3417 fuisse
1264 3376 1519 3419 causam
1557 3358 1649 3419 di-

118 3448 383 3511 versitatis
414 3450 583 3511 inter
608 3450 953 3512 rationales
981 3458 1323 3525 creaturaS,
1363 3470 1493 3512 non
1536 3452 1648 3513 Dei

114 3540 481 3618 voluntatem,
508 3542 1175 3621 praedeterminantem
1204 3544 1441 3605 scilicet
1472 3562 1648 3605 crea-

116 3638 191 3691 tas
214 3636 577 3712 voluntateS,
614 3641 683 3696 et
708 3654 786 3697 ex
812 3636 921 3697 lib.
954 3638 1014 3709 3,
1049 3656 1187 3715 cap.
1220 3640 1245 3697 1
1292 3643 1353 3697 et
1382 3638 1441 3710 3,
1488 3638 1648 3699 mul-

112 3729 157 3784 ta
182 3728 237 3785 in
274 3730 453 3808 hujus
480 3728 1031 3791 confirmationem
1054 3730 1185 3808 peti
1218 3736 1497 3808 possunt.

173 3820 259 3880 Sic
328 3822 515 3881 etiam
587 3822 950 3882 necessario
1019 3822 1495 3901 intelligendum
1555 3828 1651 3885 est

106 3912 247 3989 quod
272 3914 551 3975 sus-tinus
582 3913 699 3985 ait,
732 3919 948 3993 quaest.
982 3915 1023 3975 8
1050 3913 1133 3975 ad
1174 3915 1429 3975 Orthod.
1456 3934 1469 3975 :
1502 3915 1647 3981 Non

103 4004 271 4084 ἐρέττω·
296 4024 479 4071 causa
504 4011 603 4071 est
650 4006 813 4069 Deus
840 4006 1096 4071 virtutis
1138 4014 1365 4071 nostroe
1411 4014 1519 4073 aut
1558 4010 1647 4071 vi-

104 4095 182 4172 tii,
210 4101 306 4161 sed
322 4102 717 4183 propositum
747 4105 1021 4163 nostrum
1058 4104 1117 4163 et
1150 4099 1453 4163 voluntas.
1498 4098 1645 4171 Quis

104 4192 247 4249 enim
289 4194 503 4255 credat
540 4192 873 4272 ignorasse
900 4192 1241 4265 sumnum,
1273 4193 1473 4253 Deum
1506 4210 1643 4253 esse

104 4300 331 4345 causam
384 4286 641 4365 virtutis
664 4329 683 4358 ,
745 4284 1131 4347 consulendo
1151 4330 1172 4360 ,
1234 4284 1596 4363 inspirando
1622 4330 1639 4359 ‚

98 4376 365 4453 juvando.
432 4380 659 4441 Solum
724 4397 874 4458 ergo
920 4387 1129 4459 -negat
1177 4396 1315 4440 esse
1360 4396 1639 4453 causam,

102 4469 169 4527 ad
216 4490 349 4531 eam
402 4490 671 4552 prorsus
720 4478 781 4533 et
839 4470 1175 4533 efficaciter
1217 4470 1646 4551 praedetermi-

105 4566 303 4626 nando.

168 4658 229 4716 In
278 4660 501 4720 eodem
575 4678 767 4721 sensu
835 4660 1021 4738 plane
1074 4657 1439 4737 accipienda
1500 4663 1645 4718 sunt

105 4765 223 4824 quae
248 4753 431 4813 tradit
457 4753 969 4831 Chrysostomus,
996 4753 1170 4811 hom.
1201 4754 1278 4811 12
1308 4750 1389 4811 ad
1421 4750 1639 4827 Hebr„

106 4840 157 4899 in
180 4850 339 4919 parte
368 4846 635 4906 morali:
672 4846 891 4909 Omnia
918 4844 1163 4924 (inquit)
1193 4843 1309 4907 Dei
1334 4850 1501 4919 sunt,
1540 4847 1647 4908 sed

108 4952 205 4994 mm
227 4940 314 4999 ita
335 4945 405 5001 ut
446 4944 733 5001 nostr-um
766 4940 1027 5002 loedatwr
1062 4938 1389 5001 arbitrium
1402 4960 1430 5007 ;
1457 4942 1520 4997 et
1546 4937 1641 4996 in-

108 5024 219 5086 fra:
248 5030 385 5094 Non
414 5034 719 5096 antecedit
744 5038 990 5096 nostras
1013 5032 1371 5106 voluntates,
1400 5048 1473 5093 ne
1506 5048 1640 5092 nos-

107 5124 247 5181 trum
296 5124 567 5189 loedatur
616 5122 957 5187 arbim-imm.
1016 5124 1133 5187 Ubi
1180 5124 1311 5185 nod
1369 5122 1641 5185 excludit

108 5216 341 5289 gratiam
378 5218 757 5279 excitantem
802 5222 865 5279 et
894 5218 1295 5279 inchoantem
1346 5218 1411 5277 in
1458 5217 1639 5278 nobis

108 5323 271 5382 opera
309 5310 835 5389 supernaturalia,
870 5318 935 5371 ut
974 5311 1082 5371 lib.
1130 5312 1168 5371 3
1212 5328 1290 5371 ex
1334 5310 1471 5369 aliis
1500 5310 1639 5388 ejus

106 5395 233 5458 locis
268 5402 651 5477 videbimus;
686 5404 958 5465 excludit
987 5423 1137 5485 ergo
1163 5403 1641 5464 antecedentem

107 5493 815 5575 praedetenninationem,
871 5514 1012 5577 quae
1058 5502 1343 5559 nostrum
1384 5494 1643 5557 laederet

396 5616 483 5665 xl.

3209 369 3289 431 65

1722 474 2070 534 arbitrium.
2109 474 2344 536 Similia
2389 475 2550 534 sumi
2605 478 2869 554 possunt
2911 491 2986 534 ex
3037 475 3285 554 eodem,

1722 565 1893 626 hom.
1933 571 2008 628 17
2037 567 2102 626 in
2129 569 2339 639 Joan.,
2375 573 2437 628 et
2463 569 2544 628 42
2577 567 2657 627 ad
2689 565 3011 646 populum.

1800 660 2084 738 Denique
2149 661 2318 720 idem
2363 665 2458 720 est
2507 677 2732 720 sensus
2781 660 3100 738 Dionysii,
3147 680 3284 741 cap.

1721 752 1763 812 9
1818 753 1895 812 de
1948 753 2197 814 Coelest.
2259 755 2607 824 Hierarch.,
2667 753 2992 814 scribentis
3019 772 3032 813 :
3083 754 3292 836 Neque

1730 847 1887 908 enim
1918 845 2050 909 vita
2079 847 2249 908 nobis
2275 848 2422 910 data
2448 851 2560 920 est,
2595 847 2694 908 cui
2719 848 2814 908 vis
2837 845 3018 910 illata
3049 846 3154 918 sit,
3185 851 3292 909 aut

1727 936 2012 1016 imposita
2053 940 2404 1002 necessitas.
2444 939 2652 1019 Neque
2679 939 2854 1001 liberi
2883 939 3130 1002 arbitrii
3153 957 3293 1018 yra-

1726 1033 1818 1094 tia
1864 1032 2163 1094 divinitus
2211 1031 2456 1094 indulta
2481 1031 2860 1106 mortalibus,
2897 1032 3294 1112 providentia»

1728 1127 1938 1192 divina
1997 1128 2128 1190 luce
2173 1133 2232 1190 et
2279 1127 2594 1206 splendore
2644 1127 3013 1188 obtunditur.
3055 1125 3296 1187 Similia

1726 1219 1859 1280 fere
1888 1220 2084 1280 habet
2123 1219 2232 1280 lib.
2279 1219 2360 1280 de
2404 1218 2606 1279 Divin.
2637 1218 3020 1291 nominibus,
3052 1235 3192 1297 cap.
3227 1222 3288 1292 4,

1730 1314 1811 1374 ad
1840 1311 2056 1373 finem.

1813 1407 2257 1486 HieronymuS,
2289 1406 2468 1484 epist.
2513 1407 2630 1467 146
2680 1406 2762 1466 ad
2803 1407 3164 1481 Damasum,
3214 1407 3292 1467 de

1730 1499 1883 1562 Filio
1917 1500 2205 1580 prodigo,
2242 1501 2328 1559 ait
2363 1499 2685 1560 hominem
2713 1500 2797 1560 ita
2831 1509 2970 1560 esse
3003 1500 3292 1574 liberum,

1728 1600 1797 1655 ut
1838 1593 2010 1658 vivat
2057 1611 2178 1656 non
2211 1611 2286 1656 eze
2325 1593 2738 1673 impeoio-Dei,
2783 1595 2890 1655 sed
2925 1611 2998 1656 ex
3029 1594 3296 1673 obsequio
3333 1610 3340 1620 ·

1728 1705 1857 1762 suo,
1891 1687 1962 1750 id
1971 1693 2082 1760 est,
2100 1704 2220 1748 nou
2240 1686 2701 1760 emnem-teitau,
2732 1689 2838 1749 sed
2853 1705 2927 1748 em
2947 1687 3254 1749 voluntate
3268 1711 3294 1758 ,-

1728 1781 1832 1842 ubi
1862 1781 2212 1842 notandum
2239 1785 2332 1840 est
2357 1779 2622 1840 verbum
2649 1779 2834 1840 illud:
2860 1779 3004 1844 Non
3020 1798 3094 1842 ex
3112 1781 3299 1861 impe-

1730 1875 1825 1936 rio
1846 1899 1871 1947 ,·
1918 1892 2050 1934 non
2081 1874 2248 1934 enim
2276 1877 2482 1950 potest
2526 1873 2848 1954 imperium
2875 1891 2989 1951 pro
3021 1872 3162 1952 lege
3193 1891 3297 1933 su-

1729 1967 1842 2042 mi,
1858 1984 2008 2027 nam
2037 1972 2279 2028 constat
2297 1966 2619 2026 hominem
2638 1966 2726 2026 ita
2756 1983 2894 2026 esse
2920 1965 3294 2038 institutum,

1728 2067 1795 2121 ut
1816 2060 1998 2138 juxta
2032 2060 2236 2137 legem
2267 2057 2380 2119 Dei
2408 2059 2618 2120 vivere
2669 2057 2934 2130 debeat;
2987 2059 3298 2139 significat

1728 2171 1879 2232 ergo
1920 2151 2280 2232 imperium,
2337 2151 2682 2212 motionem
2729 2152 2841 2213 Dei
2875 2151 3194 2212 efficacem
3237 2157 3300 2214 et

1727 2246 2078 2324 physicam,
2113 2242 2430 2322 quomodo
2469 2245 2734 2306 dicimus
2761 2263 3024 2305 manum
3061 2246 3298 2307 moveri

1730 2357 1809 2398 ex
1831 2337 2096 2416 imperio
2119 2335 2498 2408 voluntatis;
2544 2338 2662 2398 hoc
2701 2355 2852 2417 ergo
2892 2355 3082 2398 sensu
3106 2342 3300 2416 negat

1728 2431 2150 2509 Hieronymus
2181 2447 2297 2488 nos
2337 2447 2474 2489 esse
2504 2429 2592 2489 ita
2629 2429 2944 2490 institutos
2964 2475 2980 2502 ,
3029 2437 3096 2491 ut
3129 2431 3299 2492 viva—

1727 2541 1869 2582 mus
1917 2540 1996 2583 ex
2027 2522 2290 2600 imperio
2317 2522 2428 2583 Dei
2461 2541 2476 2594 ;
2527 2527 2589 2583 et
2624 2523 2744 2582 hoc
2791 2523 3081 2601 estquod
3129 2522 3298 2584 idem

1728 2617 2148 2694 Hieronymus
2165 2613 2482 2694 explicuit,
2512 2616 2710 2690 idest,
2737 2633 2857 2675 non
2883 2633 2960 2678 ete
2981 2619 3301 2680 necessita-

1730 2715 1804 2782 te,
1836 2709 1944 2770 red
1963 2725 2037 2770 ese
2063 2703 2400 2770 voluntat&
2423 2707 2599 2768 Idem
2625 2707 2928 2786 loquendi
2955 2708 3180 2768 modus
3203 2727 3306 2770 re-

1730 2800 1971 2880 peritur
2007 2801 2176 2878 apud
2219 2801 2546 2872 Evodium‚
2585 2800 2842 2860 citatum
2888 2819 2924 2860 a
2965 2800 3292 2875 Turrian0,

1736 2891 1780 2952 1.
1812 2895 1853 2953 4
1889 2901 2106 2953 contra
2133 2892 2573 2972 Magdehurg.,
2607 2911 2744 2971 cap.
2779 2896 2853 2954 2:
2887 2893 3042 2960 Nisi
3073 2897 3300 2958 talibus

1726 2986 1979 3049 monitis
2008 2987 2027 3062 (
2057 2986 2180 3063 ait)
2209 2985 2492 3048 voluntas
2531 2989 2767 3062 nostra,
2800 3005 2932 3068 qaue
2957 2988 3146 3052 libera
3170 2996 3260 3053 est
3279 3033 3294 3064 ‚

1724 3083 1986 3163 proestet
2009 3079 2367 3160 obsequium,
2405 3079 2489 3143 ad
2499 3079 2838 3163 perieulum
2865 3086 2924 3145 et
2947 3083 3294 3163 yehennam,

1736 3191 1859 3235 non
1899 3172 2152 3255 imperio
2179 3172 2406 3254 aliquo,
2449 3174 2556 3236 sed
2585 3180 2792 3255 sponte
2820 3174 3174 3239 devolvitur.

2309 3368 2715 3451 Auyustioms.

1813 3545 1910 3602 11.
1962 3541 2318 3623 Εωροηίιυν
2361 3539 2695 3623 Auyustim'
2757 3543 3184 3606 testimonium.
3215 3578 3294 3595 -—·

1734 3634 2119 3714 Augustinus
2179 3652 2344 3713 saepe
2387 3633 2572 3696 docet
2612 3652 2868 3697 omnem
2923 3642 3294 3715 potestatem

1733 3744 1869 3788 esse
1920 3746 1959 3787 a
1985 3729 2138 3800 Deo,
2177 3746 2305 3787 non
2339 3733 2551 3787 autem
2582 3745 2834 3789 omnem
2885 3729 3292 3804 voluntatem,

1731 3826 1801 3882 ut
1853 3827 2024 3899 patet
2073 3821 2152 3881 de
2199 3820 2430 3899 Spiritu
2485 3824 2548 3881 et
2575 3820 2718 3894 litt„
2763 3840 2818 3881 c.
2857 3824 2922 3883 31
2965 3822 3297 3902 :Leyimus

1732 3913 2011 3992 (inquit)
2050 3932 2063 3972 :
2102 3914 2251 3979 Non
2292 3921 2384 3977 est
2422 3918 2696 3993 potestas
2727 3914 2854 3976 nisi
2898 3933 2938 3977 a
2963 3916 3086 3978 Deo
3098 3938 3126 3988 ‚·
3177 3934 3295 3977 non

1728 4012 1930 4071 autem
1962 4006 2218 4087 leqimus
2247 4031 2270 4065 .·
2308 4005 2454 4071 Non
2483 4012 2571 4069 est
2596 4006 2880 4069 voluntas
2924 4005 3048 4069 nisi
3075 4025 3116 4069 a
3143 4010 3290 4081 Deo,

1726 4104 1786 4163 et
1804 4102 1963 4161 reete
1989 4115 2110 4159 non
2133 4102 2434 4179 seriptum
2462 4103 2574 4170 est,
2605 4100 2750 4179 quia
2773 4117 2977 4161 verum
3016 4118 3136 4161 non
3161 4105 3255 4162 est
3269 4125 3297 4173 ,-

1725 4190 1916 4264 idem,
1945 4192 1984 4250 5
2009 4190 2088 4250 (18
2133 4191 2494 4270 Civit.‚cap.
2542 4192 2582 4251 9
2617 4197 2680 4251 et
2721 4194 2817 4251 10.
2857 4192 2947 4251 Ex
2982 4210 3107 4271 qua
3147 4211 3292 4253 sen-

1723 4284 1919 4345 tentia
1959 4283 2306 4363 colligimus
2351 4283 2680 4360 imprimis,
2721 4283 2774 4343 si
2801 4302 2930 4344 non
2955 4285 3160 4345 omnis
3187 4304 3291 4345 vo-

1722 4376 1933 4437 luntas
1970 4382 2064 4437 est
2089 4395 2126 4437 a
2155 4378 2306 4449 Dee,
2341 4376 2618 4453 aliquam
2641 4376 3026 4438 voluntatem
3047 4378 3288 4457 abipso

1722 4486 1853 4529 non
1884 4486 2044 4529 esse.
2081 4468 2312 4529 Deinde
2341 4469 2718 4548 inquirimus
2765 4487 2876 4530 cur
2910 4470 3154 4530 dicatur
3200 4477 3288 4531 ta-

1722 4560 1849 4622 lem
1872 4560 2260 4623 voluntatem
2286 4580 2417 4622 non
2447 4580 2586 4623 esse
2617 4580 2654 4621 a
2701 4564 2854 4625 Deo.
2891 4566 2988 4623 An
3031 4564 3176 4643 quia
3207 4564 3289 4625 ad

1723 4654 1897 4715 illam
1968 4673 2095 4715 non
2141 4656 2502 4715 concurrit?
2553 4657 2690 4717 Non
2742 4656 3033 4735 equidem
3062 4702 3078 4731 ,
3141 4659 3290 4737 quia

1724 4765 1867 4808 cum
1896 4746 2068 4819 reale
2113 4765 2250 4809 esse
2295 4747 2546 4819 habeat,
2582 4765 2710 4807 non
2741 4754 2944 4825 potest
2982 4750 3136 4811 illud
3181 4752 3288 4811 ha-

1720 4842 1872 4901 bere
1896 4841 2016 4900 nisi
2045 4859 2083 4899 a
2111 4841 2263 4900 Deo.
2302 4840 2554 4901 Dicetur
2566 4838 2832 4901 fortasse
2863 4842 3006 4903 ideo
3035 4861 3165 4905 non
3187 4863 3288 4905 es-

1722 4951 1789 4995 se
1820 4952 1857 4993 a
1900 4935 2066 5007 Deo,
2119 4932 2266 5011 quia
2300 4933 2469 4993 Deus
2509 4932 2682 4993 illam
2718 4934 3104 4997 voluntatem
3155 4956 3284 4998 non

1722 5024 2044 5103 compulit,
2081 5043 2198 5085 nec
2235 5025 2533 5105 praecipit,
2562 5044 2772 5105 neque
2811 5026 2893 5087 ad
2941 5028 3112 5089 illam
3149 5049 3286 5093 mo-

1720 5120 1938 5181 raliter
1983 5122 2214 5192 movet,
2261 5125 2330 5180 ut
2371 5124 2616 5181 constat
2644 5120 2705 5180 in
2737 5121 2920 5183 malis
2962 5124 3286 5187 voluntati·-

1717 5214 1859 5287 buS,
1890 5214 1958 5273 in
1987 5213 2214 5291 quibus
2245 5214 2630 5292 Augustinus
2667 5216 2846 5292 pouit
2892 5219 3274 5296 exemplum.

1722 5306 1845 5369 Sed
1862 5306 2192 5383 imprimis,
2225 5304 2368 5366 licet
2411 5306 2528 5365 hoc
2559 5308 2636 5365 sit
2665 5308 2728 5365 in
2773 5325 2840 5367 se
2873 5326 3116 5382 verum,
3151 5329 3278 5370 non

1720 5406 1934 5461 tamen
1961 5398 2044 5461 ad
2070 5404 2346 5461 mentem
2375 5400 2726 5479 Augustini,
2777 5401 2841 5461 in
2881 5402 3058 5463 dictis
3099 5402 3275 5477 locis,

1720 5492 2068 5574 praesertim
2103 5492 2184 5554 (18
2203 5492 2481 5566 Civitate,
2511 5493 2617 5554 ubi
2646 5493 2960 5571 explicare
2989 5495 3276 5573 intendit,
