3850 6225
448 353 568 415 518

446 560 701 621 tandem
730 560 1107 623 satisfaciam
1132 560 1589 640 objectionibus
1616 560 1817 623 factis.

444 808 791 880 laetitiam,
833 812 904 871 ut
936 808 1084 871 talis
1116 812 1229 881 est,
1268 808 1688 891 perfectionem
1733 810 1863 873 eine
1896 810 2015 873 im-

922 902 1283 983 perfectione
1312 902 1523 965 dicero.

526 1122 586 1183 8.
636 1120 856 1183 Prima
898 1120 1177 1185 assertio.
1206 1152 1289 1167 —
1314 1120 1491 1185 Circa
1536 1120 1807 1201 primam
1860 1140 2016 1203 ergo

446 1219 715 1293 partem,
746 1231 963 1276 assero
986 1214 1293 1293 imprimis
1318 1213 1649 1295 justitiam,
1682 1232 1799 1294 per
1836 1234 1905 1277 se
1939 1235 2020 1278 ac

446 1306 705 1387 praecise
754 1312 1090 1385 sumptam,
1138 1306 1349 1369 dicere
1386 1307 1835 1387 perfectione·
1866 1310 2019 1371 sim·-

447 1399 690 1480 pliciter
710 1444 725 1473 ,
758 1400 1121 1478 nullamque
1168 1401 1231 1461 in
1282 1419 1396 1463 suo
1432 1401 1677 1463 formali
1708 1409 2018 1482 conceptu

448 1491 985 1570 imperfectionem
1022 1492 1365 1555 includere.
1410 1494 1715 1557 Probatur
1742 1494 2016 1575 primum

450 1602 528 1646 ex
557 1584 834 1664 generali
863 1585 1105 1647 ratione
1134 1586 1399 1658 virtutis,
1432 1605 1571 1665 quoe
1598 1606 1727 1649 nou
1770 1588 2014 1665 passio-

450 1695 566 1739 nes
608 1677 991 1751 moderatur,
1028 1678 1139 1741 sed
1168 1678 1567 1759 operationes
1590 1684 1795 1747 rectas
1824 1679 2009 1753 ἰωῆς

452 1770 816 1849 hujusmodi
845 1772 1013 1833 enim
1042 1772 1235 1833 virtus
1260 1771 1409 1835 dicit
1435 1772 1907 1851 perfectionem,
1937 1792 2016 1835 eo

453 1864 626 1943 quod
654 1864 849 1925 virtus
886 1870 1003 1935 est,
1039 1870 1098 1925 et
1128 1882 1257 1926 non
1296 1864 1445 1927 dicit
1478 1865 2018 1945 imperfectionem

454 1976 533 2019 ex
562 1956 811 2036 proprio
848 1963 1175 2036 conceptu,
1204 1975 1279 2019 eo
1306 1958 1475 2037 quod
1510 1976 1701 2038 agere
1727 1960 1827 2021 vel
1866 1978 2018 2039 ope-

452 2050 603 2121 rari,
636 2054 705 2110 ut
732 2047 843 2123 sic,
870 2048 1405 2129 imperfectionem
1442 2069 1571 2113 non
1604 2050 1776 2125 dicit,
1805 2051 1915 2115 sed
1939 2070 2018 2113 ex

456 2142 842 2222 perfectione
871 2142 1173 2222 procedit.
1228 2144 1555 2205 Discursus
1584 2148 1677 2207 est
1730 2151 2020 2225 sumptus

458 2253 536 2297 ex
565 2236 635 2297 D.
664 2236 939 2308 Thema,
984 2242 1149 2299 cont.
1192 2237 1404 2311 Gent.,
1452 2255 1511 2299 c.
1560 2240 1663 2311 93,
1710 2258 1837 2318 quo
1882 2238 2020 2318 ipse

456 2328 773 2392 concludit
816 2347 1037 2393 omnes
1102 2330 1361 2393 virtutes
1385 2375 1404 2402 ,
1450 2348 1591 2409 quoe
1660 2332 2020 2412 hujusmodi

458 2428 607 2486 sunt
629 2468 645 2497 ,
700 2422 1049 2485 secundum
1088 2423 1406 2502 propriam
1452 2424 1728 2503 speciem
1780 2425 2022 2487 nullam

458 2517 783 2579 includere
818 2515 1379 2596 imperfectionem,
1432 2523 1691 2597 propter
1744 2536 1938 2598 quam
1981 2538 2022 2581 a

458 2610 671 2671 divina
722 2608 1103 2690 perfectione
1152 2609 1565 2673 excludantur
1594 2630 1611 2684 ;
1672 2613 1821 2691 quia
1876 2618 2024 2675 sunt

460 2702 877 2783 perfectiones
908 2700 1259 2765 intellectus
1302 2709 1365 2765 et
1410 2703 1769 2779 voluntatis,
1800 2712 2026 2785 quate-

462 2814 585 2857 nus
625 2800 769 2857 sunt
810 2795 1114 2875 principia
1147 2796 1585 2875 operationum
1612 2798 1852 2877 absque
1871 2782 2026 2879 ’pas-

462 2890 675 2960 sione3
702 2888 869 2967 quod
896 2892 1095 2949 totum
1125 2889 1574 2967 perfectionem
1602 2890 1772 2964 dicit,
1802 2898 1863 2953 et
1898 2891 2028 2955 for-

460 2980 709 3041 maliter
736 3000 810 3041 ac
838 2980 1093 3059 praecise
1128 2988 1445 3061 sumptum
1476 2983 1711 3044 nullam
1768 2984 2030 3047 includit

464 3072 1035 3154 imperfectionem3
1092 3092 1241 3138 nam
1282 3076 1673 3140 excludimus
1718 3079 2024 3141 rationem

464 3168 717 3231 habitus
745 3169 845 3228 vel
872 3169 1209 3248 qualitatis,
1246 3177 1310 3232 et
1346 3189 1599 3232 omnem
1640 3173 2030 3234 materialem

464 3268 528 3322 et
556 3261 991 3340 imperfectum
1016 3261 1275 3324 modum
1304 3263 1641 3340 operandi;
1676 3265 1831 3326 nihil
1860 3266 2030 3328 enim

460 3355 695 3416 horum
734 3355 929 3416 virtus
954 3356 1275 3434 operativa
1300 3361 1370 3418 ut
1398 3357 1487 3418 sic
1516 3357 1795 3437 requirit.

544 3451 605 3510 9.
654 3448 937 3512 Socanda
961 3450 1145 3512 ratio.
1164 3451 1551 3513 —Secundo
1576 3451 1932 3515 declaratur
1951 3469 2030 3514 ex

464 3541 721 3620 speciali
762 3541 1005 3602 ratione
1052 3542 1329 3621 justitiae,
1366 3561 1558 3622 quam
1596 3545 1787 3608 tradit
1818 3547 2030 3625 Ulpia·

465 3651 611 3707 nus,
654 3634 721 3694 in
750 3635 792 3694 1.
821 3635 920 3706 10,
950 3633 1016 3696 ff.
1046 3635 1127 3696 de
1164 3636 1326 3699 Just.
1358 3642 1422 3699 et
1450 3637 1573 3717 ju„
1600 3643 1663 3698 et
1700 3638 2028 3718 amplexus

466 3737 565 3790 est
592 3747 668 3790 ac
698 3727 1041 3791 declaravit
1067 3729 1141 3790 D.
1167 3731 1461 3804 Thomna,
1500 3735 1558 3793 2.
1583 3733 1645 3804 2,
1678 3739 1895 3812 quast.
1922 3735 2026 3806 61,

467 3827 587 3884 art.
630 3827 657 3884 1
688 3842 703 3883 z
737 3824 1005 3886 Iustitia
1035 3832 1127 3887 est
1154 3831 1439 3889 constan
1478 3831 1539 3890 et
1562 3833 1871 3909 perpetua,
1914 3829 2030 3906 ju

464 3933 643 3980 mum
668 3913 989 3996 armique
1020 3916 1308 3980 tribuens.
1340 3919 1411 3980 In
1436 3919 1605 3980 nulla
1631 3921 1799 3981 enim
1830 3939 1907 3982 ex
1931 3921 2030 3982 his

465 4008 786 4091 particulis
830 4009 959 4070 ulla
1011 4010 1397 4089 imperfectio
1450 4011 1817 4084 includitur-3
1878 4030 2028 4073 nam

464 4101 755 4162 voluntas
786 4107 1091 4181 perpetua
1120 4108 1183 4164 et
1215 4109 1511 4165 constans
1540 4105 1591 4166 si
1620 4105 1695 4167 sit
1724 4105 1805 4166 de
1832 4105 2026 4180 bono,

462 4211 697 4274 magna
727 4193 1027 4273 perfectio
1070 4201 1207 4268 est;
1252 4197 1527 4258 tribuere
1560 4199 1749 4258 etiam
1792 4196 2028 4276 aliquid

464 4285 643 4348 alteri
674 4303 751 4348 ex
772 4284 833 4347 vi
862 4287 1050 4365 hujus
1088 4295 1449 4368 conceptus,
1484 4289 1871 4367 imperfectio
1898 4307 2028 4350 non

464 4387 581 4454 est,
617 4385 679 4442 et
708 4379 995 4458 quamvis
1014 4381 1133 4442 hoc
1160 4381 1391 4460 ipsum,
1420 4381 1591 4460 quod
1612 4389 1708 4444 est
1724 4381 2025 4456 tribuere,

466 4472 915 4552 perfectionem
954 4489 1085 4534 non
1113 4481 1307 4552 ponat
1333 4475 1399 4534 in
1428 4475 1762 4548 tribuente,
1796 4493 2030 4555 suppo-

469 4565 560 4627 nit
592 4571 801 4627 tamen
851 4565 1045 4640 illam,
1072 4572 1134 4628 et
1162 4567 1295 4646 ipsa
1326 4568 1613 4630 voluntas
1653 4567 1869 4641 dandi,
1914 4585 2032 4646 per

466 4675 535 4720 se
558 4657 899 4737 loquendo,
922 4677 1153 4737 magna
1182 4659 1481 4739 perfectio
1514 4666 1641 4734 est3
1670 4660 1831 4722 adeo
1860 4667 1934 4722 ut
1953 4678 2032 4722 ex

464 4752 776 4814 sententia
810 4751 1031 4812 Christi
1086 4753 1310 4815 dixerit
1344 4753 1595 4828 Paulus,
1636 4756 1904 4816 Actuum
1943 4755 2032 4815 vi·

464 4844 735 4926 gesimo,
780 4843 1025 4906 beatius
1076 4862 1213 4906 esse
1268 4845 1419 4908 dare
1470 4865 1663 4925 quam
1714 4846 2023 4925 accipere.

346 4955 353 4960 ·
460 4939 769 5016 Denique,
802 4937 973 5016 quod
1002 4938 1055 4999 is
1076 4940 1173 5000 cui
1204 4940 1441 5018 aliquid
1460 4941 1646 5003 datur
1673 4941 1903 5002 habeat
1923 4940 2032 5020 jus

462 5029 719 5110 aliquod
754 5029 837 5090 ad
864 5029 1019 5090 illud
1058 5031 1512 5110 recipiendum,
1562 5051 1691 5094 non
1718 5033 2032 5095 redundat

460 5123 525 5184 in
582 5122 1123 5202 imperfectionem
1175 5124 1381 5186 dantis
1438 5124 1501 5186 id
1552 5126 1633 5186 ad
1673 5125 1843 5205 quod
1870 5127 2031 5188 alius

458 5216 655 5278 habet
672 5219 802 5296 jus,
834 5234 953 5278 nec
972 5216 1197 5277 minuit
1216 5218 1277 5278 in
1302 5219 1435 5298 ipsa
1451 5219 1691 5298 justitia
1720 5219 2032 5282 rationem

462 5311 709 5372 virtutis
730 5330 745 5383 ;
774 5310 901 5372 imo
924 5311 1041 5370 hoc
1064 5311 1317 5372 nomine
1348 5319 1641 5374 censetur
1664 5313 1797 5393 ipsa
1822 5313 2031 5375 excel-

466 5403 598 5466 lere
622 5403 787 5466 inter
809 5405 1072 5466 virtutes
1098 5403 1393 5466 morales.

542 5500 637 5562 lo.
686 5498 964 5580 objectio.
982 5531 1065 5546 —
1084 5497 1339 5560 Dicetur
1356 5497 1643 5572 fortasse,
1664 5515 2028 5582 quanquam

1390 364 1601 417 OPUSG.
1638 366 1719 418 vl.
1756 366 2128 419 nlsruuno
2161 368 2241 419 ms:
2271 366 2548 421 msrrru
2581 367 2703 419 nm.

320 498 329 515 ι
446 472 509 527 et
550 484 626 527 ex
656 465 745 528 eis
772 467 977 545 qualis
1024 467 1103 529 sit
1130 466 1339 528 divina
1370 466 1611 545 justitia
1652 466 2004 543 deducam;

2091 468 2412 547 supposito
2461 470 2604 549 jure
2643 468 2902 529 alterius
2943 484 3174 547 magna
3231 465 3552 545 perfectio
3593 466 3676 524 sit

2091 563 2246 625 illud
2279 563 2554 625 tribuere
2581 567 2646 624 et
2671 580 3026 641 exaequare,
3055 561 3178 622 hoc
3203 568 3424 623 tamen
3443 559 3670 638 ipsum

2094 673 2450 735 supponere
2505 654 3046 735 imperfectionem
3101 653 3386 733 aliquam
3449 653 3522 711 in
3575 652 3682 709 tri-
3812 636 3813 645 ’

2091 750 2360 823 buente;
2407 748 2576 829 quia,
2619 752 2692 810 ut
2719 748 2876 827 ipse,
2923 747 3288 821 tribuendo,
3311 764 3498 825 opus
3551 744 3682 823 jus·

2091 841 2240 905 titioe
2255 841 2462 915 faciat,
2481 860 2611 903 non
2631 840 2781 903 satis
2809 846 2905 903 est
2925 841 3096 921 quod
3111 841 3275 902 alter
3287 838 3534 901 habeat
3545 839 3676 917 jus,
3812 866 3813 923 3

2093 934 2206 997 sed
2231 939 2477 1013 oportet
2513 934 2688 1013 quod
2731 932 2887 995 illud
2913 932 3146 995 habeat
3177 938 3480 1013 respectu
3521 930 3681 991 dan-

2093 1028 2206 1101 tis;
2239 1027 2472 1107 alioqui
2505 1046 2636 1089 non
2665 1026 2782 1089 erit
2809 1044 2970 1107 opus
2986 1026 3266 1106 justitia,
3296 1024 3420 1086 sed
3443 1024 3684 1085 libera-

2097 1122 2286 1183 litatis
2295 1136 2316 1197 ;
2339 1126 2431 1194 ut,
2461 1120 2512 1181 si
2537 1121 2756 1181 Petrus
2773 1120 3008 1181 tribuat
3029 1120 3264 1183 Joanni
3281 1118 3514 1179 decem
3537 1132 3678 1195 quae

2098 1213 2464 1275 Franciscus
2497 1212 2586 1273 illi
2617 1212 2914 1286 debebat,
2943 1212 3162 1274 tribuit
3185 1210 3456 1291 quidem
3481 1210 3574 1269 illi
3620 1209 3682 1269 id

2099 1306 2182 1369 ad
2207 1306 2492 1387 quodjus
2515 1306 2814 1377 habebat,
2845 1312 2910 1368 et
2931 1306 3346 1367 nihilominus
3374 1320 3510 1365 non
3537 1302 3686 1364 facit
3812 1344 3813 1381 3

2097 1420 2259 1482 opus
2273 1401 2550 1481 justitiae,
2597 1400 2712 1462 sed
2729 1400 3119 1462 liberalitatis
3140 1420 3157 1472 ;
3181 1400 3334 1479 quia
3355 1400 3468 1478 §us
3493 1398 3684 1459 Joan.
3812 1406 3813 1411 ¹

2095 1497 2194 1557 nis
2232 1512 2361 1556 non
2387 1500 2522 1557 erat
2545 1498 2839 1573 respectu
2865 1495 3060 1573 ipsius
3099 1493 3286 1567 Petri,
3315 1492 3439 1554 sed
3465 1506 3688 1568 respe-

2097 1594 2202 1651 ctu
2227 1586 2517 1659 alterium
2555 1586 2690 1667 jam
2739 1604 2890 1649 vero
2943 1587 3188 1666 quoties
3223 1585 3466 1664 aliquis
3489 1583 3686 1643 habet

2089 1683 2196 1763 jus
2221 1686 2514 1760 respectu
2553 1680 2834 1756 alterius,
2879 1680 3114 1758 duplex
3150 1677 3556 1758 imperfectio
3601 1676 3686 1734 vi-
3812 1712 3813 1727 2

2097 1776 2282 1837 detur
2297 1775 2480 1853 sequi
2503 1792 2620 1836 seu
2657 1774 2926 1858 supponi
2951 1773 3022 1833 in
3045 1773 3368 1833 tfibuente
3395 1772 3510 1849 jus
3531 1769 3686 1829 illud
3812 1752 3813 1831 ἶ

2099 1868 2459 1948 exjustitia.
2500 1866 2752 1931 Unaest
2779 1864 3076 1945 obligatio
3109 1872 3172 1927 et
3227 1864 3528 1925 debitum
3577 1864 3688 1922 tri—

2097 1961 2335 2025 buendi
2365 1961 2520 2022 illud
2551 1962 2660 2041 jus
2685 1978 2702 2032 ς
2731 1960 2852 2021 alia
2881 1966 2980 2021 est
3017 1958 3356 2019 diminutio
3381 1958 3604 2035 aliqua
3628 1956 3690 2015 in
3812 1972 3813 2001 2

2105 2054 2386 2135 perfecto
2411 2052 2694 2115 dominio
2728 2053 2866 2132 ejus
2897 2054 3015 2123 rei,
3047 2068 3238 2131 quam
3279 2050 3576 2111 tribuere
3601 2054 3690 2109 te-
3812 2056 3813 2075 ³

2097 2153 2328 2219 netur3
2359 2164 2509 2207 nam
2553 2146 2606 2207 si
2653 2152 2822 2208 esset
2871 2140 3186 2225 perfectus
3225 2144 3558 2215 dominns,
3583 2143 3690 2221 jus
3812 2148 3813 2161 ¹

2101 2242 2356 2303 alterius
2379 2258 2506 2301 non
2533 2238 2840 2321 obligaret
2863 2238 3172 2319 ipsumad
3189 2238 3394 2299 talem
3411 2254 3554 2297 rem
3579 2236 3690 2296 tri-
3812 2244 3813 2307 g

2099 2335 2184 2397 bu
2191 2333 2442 2396 endam.

2184 2432 2254 2490 11
2267 2474 2282 2489 .
2327 2428 2761 2507 Βηρυτιων.
2779 2428 3358 2497 -Verumtamen,
3391 2423 3682 2500 quamvis
3812 2426 3813 2429 ’

2102 2523 2166 2585 in
2217 2522 2516 2583 creaturis
2565 2522 2698 2583 haic
2745 2538 2896 2581 vera
2949 2519 3286 2580 videantur
3303 2562 3324 2591 ‚
3369 2517 3428 2577 si
3465 2522 3678 2576 umen

2103 2616 2262 2677 ratio
2303 2615 2464 2695 juris
2497 2620 2560 2676 et
2599 2613 2794 2675 debiti
2843 2631 2918 2675 ac
2981 2611 3246 2673 dominii
3295 2609 3678 2671 abati-actius

2103 2708 2556 2787 concipiantur,
2583 2706 2840 2786 intelligi
2861 2708 3124 2784 possunt
3141 2704 3392 2781 absque
3419 2702 3550 2763 ulla
3571 2702 3678 2763 im-

2106 2801 2507 2882 perfectione.
2539 2800 2717 2871 Quod
2731 2800 3004 2861 breviter
3015 2799 3082 2859 in
3109 2797 3384 2877 singulis
3399 2796 3675 2865 declaro,

2107 2894 2260 2974 quia
2282 2893 2590 2973 imprimis
2625 2892 2860 2953 habere
2894 2893 3002 2972 jus
3045 2890 3127 2951 ad
3155 2888 3426 2968 aliquid,
3458 2896 3528 2951 et
3551 2896 3680 2949 re's-

2109 2992 2295 3067 pectu
2339 2986 2626 3066 alicujuS,
2663 2984 2918 3065 quando
2971 2984 3254 3045 contrahi
3283 2988 3504 3061 potest
3553 2984 3680 3043 sine

2111 3080 2428 3143 voluntate
2456 3086 2520 3141 et
2549 3079 2792 3141 actione
2844 3078 3040 3157 ipsius
3067 3076 3151 3138 ad
3189 3092 3389 3155 quem
3429 3076 3560 3138 tale
3581 3076 3680 3155 jus
3812 3113 3813 3116 κ

2109 3173 2396 3248 refertur,
2435 3179 2622 3253 prout
2651 3172 2954 3251 contingit
2973 3171 3038 3230 in
3068 3169 3408 3240 creaturis,
3452 3169 3680 3248 imper·

2109 3266 2394 3328 fectionis
2427 3273 2558 3338 estz
2591 3267 2644 3328 si
2673 3272 2886 3326 tamen
2909 3263 3196 3325 illudmet
3215 3263 3352 3341 jus,
3383 3267 3454 3323 et
3481 3263 3682 3322 omnis

2109 3378 2214 3422 res
2240 3359 2306 3421 iu
2327 3377 2454 3439 qua
2504 3359 2656 3420 illud
2681 3358 3004 3429 fundatur,
3039 3356 3118 3417 sit
3149 3373 3226 3416 ex
3259 3355 3594 3416 voluntate
3623 3361 3680 3415 et
3812 3339 3813 3374 ³

2109 3454 2354 3516 actione
2387 3454 2542 3534 ejus,
2567 3451 2676 3532 qui
2707 3449 2860 3512 illud
2880 3451 2988 3529 jus
3015 3449 3340 3510 soluturus
3361 3454 3492 3520 est,
3528 3449 3680 3508 tolli-

2106 3552 2210 3609 tur
2231 3547 2298 3608 in
2323 3547 2440 3608 hac
2465 3552 2644 3625 parte
2681 3543 2820 3606 talis
2849 3541 3273 3622 imperfectio;
3295 3541 3558 3602 habere
3577 3557 3680 3600 au-
3812 3541 3813 3582 3

2107 3643 2238 3702 tem
2260 3639 2367 3719 jus
2394 3639 2476 3700 ad
2495 3637 2755 3717 aliquid,
2785 3654 2864 3698 ex
2883 3635 2944 3696 vi
2963 3636 3154 3714 hujus
3173 3635 3432 3715 proecisi
3455 3651 3680 3696 conce-

2109 3739 2275 3812 ptus,
2305 3729 2729 3794 nonexcludit
2751 3729 2904 3809 quin
2919 3731 3028 3809 jus
3051 3729 3202 3790 illud
3231 3727 3462 3790 haberi
3491 3727 3680 3806 possit
3812 3721 3813 3772 ἶ

2109 3825 2192 3886 ab
2217 3825 2486 3906 ipsomet
2511 3823 2882 3894 derivatum,
2913 3823 3018 3902 qni
3041 3821 3196 3882 illud
3221 3821 3440 3900 ipsum
3451 3821 3564 3898 jus
3588 3837 3679 3880 so·

2109 3919 2354 3982 laturus
2379 3925 2476 3980 est
2503 3920 2568 3980 et
2591 3921 3061 3996 cxoequaturu83
3089 3931 3242 3992 ergo
3263 3933 3338 3974 ex
3363 3913 3490 3974 hac
3503 3919 3674 3992 parto

2109 4013 2171 4072 in
2201 4013 2310 4074 illo
2337 4017 2646 4090 conceptu
2681 4009 2854 4071 nulla
2887 4007 3224 4070 includitur
3261 4005 3670 4086 imperfectio.

2193 4107 2290 4168 12.
2337 4105 2704 4168 &claram
2737 4103 3024 4182 sumpla.
3053 4131 3140 4148 —-
3163 4101 3476 4162 proterea
3511 4099 3676 4178 quod

2109 4199 2356 4278 aliquis,
2397 4197 2650 4277 quando
2705 4193 2886 4258 alteri
2927 4196 3036 4275 jus
3081 4193 3320 4265 tribuit,
3359 4211 3436 4254 se
3477 4193 3676 4272 privet

2109 4291 2387 4355 dominio
2413 4291 2504 4352 rei
2533 4307 2724 4369 quam
2749 4289 2982 4362 tribuit,
3005 4287 3074 4348 in
3093 4285 3402 4349 creaturis
3421 4286 3672 4366 quidem

2109 4383 2455 4455 invenitur;
2503 4381 2786 4462 provenit
2823 4387 3036 4442 autem
3073 4397 3152 4440 ex
3199 4375 3672 4458 imperfectione

2113 4485 2176 4539 et
2203 4477 2572 4539 limitatione
2597 4473 2880 4546 dominii,
2913 4492 3028 4553 per
3057 4491 3126 4534 se
3155 4479 3372 4534 autem
3417 4491 3494 4533 ex
3525 4473 3584 4531 ri
3609 4472 3672 4531 il·

2109 4571 2232 4632 lius
2255 4567 2670 4650 conceptusid
2691 4585 2818 4628 non
2845 4573 2938 4628 est
2955 4566 3409 4628 necessarium.
3441 4565 3599 4626 Nam
3621 4565 3670 4624 si

2112 4663 2275 4742 quie,
2307 4660 2640 4723 tribuendo
2663 4659 2840 4722 alteri
2869 4661 2977 4739 jus
3005 4676 3214 4731 snum,
3245 4664 3508 4718 maneat
3531 4677 3667 4736 por-

2109 4755 2310 4817 fectus
2347 4753 2640 4815 dominus
2669 4753 2806 4832 ejus
2849 4753 2940 4813 rei
2973 4769 3166 4831 quam
3201 4751 3440 4822 tribuit,
3472 4755 3666 4811 cessat

2111 4867 2192 4910 ex
2235 4849 2354 4909 hac
2383 4852 2560 4926 parte
2599 4846 2806 4907 omnis
2829 4845 3256 4924 imperfectio:
3303 4844 3430 4904 hoc
3463 4847 3666 4903 autem

2113 4958 2240 5001 non
2285 4942 2598 5019 repugnat
2647 4955 2726 5000 ex
2781 4938 2842 4998 vi
2883 4937 3048 5000 illius
3093 4941 3476 5015 conceptus;
3523 4953 3666 5014 crgo

2111 5035 2298 5094 etiam
2331 5053 2411 5096 ex
2447 5033 2568 5094 hac
2593 5037 2772 5110 parte
2801 5031 2866 5092 in
2901 5031 3006 5092 illo
3035 5035 3342 5108 conceptu
3383 5029 3560 5090 nulla
3585 5029 3668 5088 in-

2111 5127 2380 5188 cluditur
2394 5124 2802 5206 imperfectiO.
2824 5124 2930 5186 Est
2953 5128 3164 5184 autem
3179 5121 3458 5201 aliquale
3475 5137 3670 5182 exem·

2113 5219 2290 5301 plum
2341 5219 2422 5281 ad
2459 5220 2580 5280 hoc
2635 5217 3084 5280 declarandum
3129 5215 3196 5276 in
3245 5215 3588 5295 Republica
3611 5218 3666 5274 et

2111 5313 2414 5374 membris
2453 5313 2622 5392 ejus:
2681 5310 2941 5390 singulas
2987 5309 3158 5370 enim
3185 5325 3495 5387 persam,
3537 5325 3664 5386 quae

2111 5411 2258 5468 sunt
2279 5405 2564 5466 membra
2589 5403 2987 5485 Reipublicae,
3017 5401 3254 5464 habent
3279 5419 3400 5462 sua
3429 5400 3662 5480 propria

2107 5499 2299 5573 bona,
2341 5515 2613 5582 quorum
2637 5497 2876 5562 babent
2897 5495 3300 5581 particulare,
3329 5499 3398 5561 et
3417 5493 3661 5578 inferius
