3850 6225
673 387 844 441 ster.
881 388 920 441 1.
955 385 1170 441 uram!
1200 386 1432 439 naam
1468 385 1828 439 vlvmcau
1856 384 2152 439 VALEANT
2183 388 2267 441 An
2294 386 2627 445 mmmmm,
2662 386 2796 439 mc.

122 497 246 565 est,
294 490 374 553 ad
399 488 906 571 justificationem
939 489 1282 570 peccatoris
1319 487 1554 569 requiri
1591 506 1698 569 po-

121 585 378 645 sitivam
405 584 874 664 dispositionem
905 603 982 645 ex
1005 590 1182 663 parte
1209 584 1366 665 ejus,
1399 601 1435 643 a
1475 581 1698 643 divinae

119 677 346 757 gratiae
389 678 634 739 auxiliis
663 687 726 739 et
768 677 944 738 liberi
989 677 1224 739 arbitrii
1257 676 1694 756 cooperatione

121 771 616 850 procedentem;
647 770 818 831 aliud
847 776 962 841 est,
1003 770 1068 831 in
1106 772 1242 849 ipsa
1271 769 1458 831 etiam
1495 769 1696 848 prima

113 864 572 943 justificatione
591 865 788 927 Deum
827 863 1164 942 unicuique
1199 862 1526 924 infundere
1561 862 1698 941 jus-

119 958 328 1019 titiam
353 958 700 1019 secundum
731 956 1050 1036 propriam
1089 956 1394 1035 cujusque
1431 955 1697 1035 disposi-

120 1052 366 1113 tionem
397 1057 460 1112 et
485 1050 996 1130 cooperationem
1015 1069 1032 1123 ς
1052 1049 1342 1129 quse-duo
1371 1048 1690 1128 dogmata,

119 1151 190 1205 et
233 1145 303 1205 iu
331 1144 512 1205 tertio
545 1150 716 1205 tomo
751 1142 954 1205 tertioe
997 1144 1214 1223 partis,
1259 1140 1582 1205 tractando
1615 1140 1693 1201 de

113 1238 544 1299 Sacramentis
581 1237 646 1297 in
679 1254 913 1318 genere
951 1242 1016 1297 et
1045 1237 1124 1299 de
1167 1236 1510 1315 Baptismo,
1543 1253 1696 1295 con-

114 1331 545 1405 firmavimus3
593 1338 656 1392 et
702 1332 770 1391 in
821 1336 1068 1411 quarto,
1109 1331 1173 1393 iu
1202 1348 1326 1411 quo
1359 1329 1436 1390 de
1467 1328 1696 1409 justifi-

121 1426 376 1486 catione
402 1424 746 1504 peccatoris
786 1442 900 1503 per
926 1424 1358 1504 poenitentiam
1391 1429 1695 1502 tanquam

125 1520 196 1579 iu
227 1518 480 1598 proprio
515 1518 654 1579 loco
683 1518 1072 1593 disserimus,
1117 1518 1340 1579 eadem
1370 1517 1556 1578 latius
1597 1534 1698 1577 os-

124 1612 486 1673 tendemus
525 1612 728 1691 Atque
759 1630 836 1673 ex
867 1610 984 1671 illis
1021 1611 1206 1691 plane
1237 1610 1520 1690 sequitur
1568 1627 1698 1671 non

125 1724 376 1779 omneS,
427 1712 828 1787 resurgentes
865 1724 906 1765 a
949 1711 1226 1785 peccate,
1285 1722 1430 1765 cum
1471 1704 1694 1783 aequali

127 1798 332 1879 gratia
359 1816 714 1878 resurgere,
747 1799 892 1879 quia
937 1798 1259 1861 evidenter
1295 1803 1538 1859 constat
1567 1816 1696 1857 nou

127 1909 356 1952 omnes
383 1892 705 1969 aequaliter
729 1892 1076 1971 cooperari,
1107 1896 1214 1953 aut
1245 1908 1312 1951 se
1335 1890 1690 1971 disponere,

125 1991 202 2045 ut
235 1985 422 2045 etiam
453 1984 794 2047 Concilium
833 1984 1270 2047 'tridentinum
1307 1988 1520 2063 aperte
1551 2002 1696 2063 sup·

123 2078 328 2159 ponit.
359 2078 493 2139 Dixi
523 2084 736 2139 tamen
790 2078 1162 2139 sententiam
1215 2078 1380 2139 hanc
1429 2076 1514 2139 ad
1557 2094 1693 2139 rem

122 2178 507 2249 praesentem
533 2172 688 2231 nihil
712 2172 1052 2250 pertinere,
1085 2172 1233 2251 quia
1261 2170 1566 2233 Henricus
1595 2188 1698 2231 so-

123 2264 266 2323 lum
293 2263 568 2343 loquitur
609 2282 686 2325 ex
726 2263 784 2324 vi
823 2266 1146 2343 praesentis
1185 2263 1606 2343 dispositionis
1635 2268 1697 2325 et

127 2358 520 2419 excitationis
553 2376 592 2417 a
620 2364 908 2437 peccato;
945 2376 1090 2419 nam
1119 2358 1200 2419 de
1226 2356 1536 2437 prioribus
1563 2375 1698 2417 me-

127 2450 266 2512 ritis
309 2449 696 2511 mortificatis
750 2456 968 2530 postea
1027 2450 1240 2540 subdit
1289 2468 1508 2513 verum
1559 2467 1696 2510 esse

131 2544 306 2623 quod
347 2544 698 2605 communis
736 2544 1046 2606 sententia
1077 2546 1320 2617 asserit,
1353 2562 1428 2605 ea
1467 2542 1700 2605 scilicet

129 2635 430 2697 vivificari
469 2654 584 2715 per
631 2637 1086 2715 poeuitentiam,
1131 2643 1194 2699 et
1237 2642 1702 2718 consequenter

130 2731 376 2791 ratione
431 2728 682 2791 illorum
729 2730 968 2793 infundi
1009 2734 1398 2809 charitatem,
1445 2750 1522 2793 ex
1573 2749 1694 2810 qua

129 2830 576 2901 processerunt
614 2824 718 2885 illa
751 2825 998 2899 merita,
1028 2826 1128 2888 vel
1156 2826 1364 2889 statim
1391 2842 1536 2887 cum
1560 2825 1697 2905 jus-

127 2914 400 2977 tificatur
425 2936 786 2999 resurgens,
839 2918 940 2979 vel
965 2898 1192 2997 'postea
1235 2920 1299 2982 in
1353 2922 1691 2999 augmento

128 3008 472 3083 charitatiS‚
523 3011 694 3089 quod
747 3011 858 3073 fiet
901 3012 968 3072 in
1009 3011 1478 3093 glorificatione,
1531 3012 1693 3075 inter

129 3121 294 3181 quos
321 3101 482 3165 duos
505 3104 726 3167 modos
755 3104 839 3166 ibi
869 3113 1160 3168 neutrum
1189 3105 1441 3180 definit3
1473 3125 1692 3168 neces-

129 3195 298 3254 sario
317 3201 528 3259 tamen
545 3198 840 3278 supponit
859 3199 1228 3262 reviviscere
1241 3199 1464 3262 merita
1483 3199 1692 3279 quoad

127 3290 466 3352 essentiale
509 3292 858 3371 praemium,
909 3292 1424 3372 quandoquidem
1475 3311 1691 3354 resur-

124 3389 290 3461 gunt
325 3383 404 3444 ad
457 3391 866 3463 augmentum
915 3383 1264 3459 charitatis,
1309 3385 1410 3447 vel
1455 3385 1686 3460 statim,

121 3475 230 3538 vel
259 3482 478 3554 postea
507 3476 754 3537 dandae.

213 3572 273 3630 5.
319 3570 582 3643 Thomoe,
635 3573 692 3632 et
725 3570 858 3650 ejus
895 3570 1116 3634 schola·
1145 3572 1440 3636 tribuum·
1463 3591 1693 3658 proece-

119 3664 274 3726 dem
308 3663 878 3746 opima—Duplex
909 3663 1094 3743 hujus
1125 3665 1426 3747 opinionis
1451 3684 1687 3730 semus.

119 3789 210 3802 -
241 3755 606 3818 Praedictam
659 3773 808 3835 ergo
853 3757 1224 3819 sententiam
1258 3776 1396 3820 esse
1446 3751 1693 3820 conclu-

121 3850 376 3908 sionem
397 3848 854 3910 Thomistarum
881 3850 971 3911 ait
997 3850 1323 3924 Ledesma,
1355 3853 1419 3912 iu
1439 3858 1686 3933 quarto,

119 3942 334 4022 prima
371 3948 572 4021 parte,
617 3943 960 4022 quaestione
1012 3944 1332 4026 trigesima
1356 3990 1377 4019 ,
1429 3946 1690 4008 articulo

119 4034 430 4108 secunda,
445 4053 664 4098 versus
687 4035 912 4112 finem;
939 4038 1258 4099 nemiuem
1281 4057 1430 4100 vero
1459 4039 1524 4100 in
1553 4058 1690 4118 par-

117 4129 372 4191 ticulari
394 4129 619 4202 refert3
655 4130 821 4204 Soto,
853 4148 1002 4192 vero
1027 4131 1418 4194 distinctione
1445 4132 1692 4194 decima

117 4229 328 4294 sexta,
357 4222 696 4302 quaestione
739 4222 1040 4298 secunda,
1083 4224 1344 4286 articulo
1383 4225 1686 4302 secundo,

115 4316 274 4377 dicit
307 4315 474 4396 hunc
501 4333 640 4378 esse
681 4334 939 4380 sensum
967 4335 1158 4398 quem
1181 4319 1514 4382 Thomistae
1551 4339 1690 4382 sus-

113 4415 366 4470 tentare
397 4415 879 4483 consueverunt,
917 4416 980 4472 et
1005 4409 1305 4472 insinuari
1339 4430 1376 4474 a
1417 4414 1692 4493 Capreo-

111 4504 184 4562 lo
211 4501 606 4564 distinctione
635 4501 880 4567 decima
911 4509 1156 4584 quarta,
1199 4506 1542 4584 quastione
1585 4525 1691 4568 se-

112 4594 352 4664 cunda,
383 4612 507 4654 non
535 4601 748 4656 tamen
789 4597 942 4658 satis
963 4597 1130 4658 clare
1161 4598 1456 4676 explicari
1478 4618 1493 4671 ;
1519 4599 1690 4677 quod

113 4705 349 4748 verum
405 4686 658 4765 quidem
704 4695 796 4750 est
826 4733 841 4760 ‚
883 4691 1032 4768 quia
1074 4691 1412 4770 Capreolus
1465 4709 1684 4752 revera

113 4779 280 4840 nihil
319 4779 488 4841 aliud
515 4780 664 4842 dicit
693 4799 880 4861 quam
916 4783 982 4842 D.
1011 4783 1310 4858 Thomas,
1334 4784 1514 4863 cujus
1543 4803 1690 4846 seu-

115 4872 384 4934 tentiam
411 4873 568 4934 infra
601 4875 1026 4937 tractabimus,
1060 4877 1136 4936 Et
1169 4895 1295 4938 uno
1327 4877 1459 4938 fere
1491 4878 1684 4940 verbo

111 4963 294 5026 idem
356 4964 506 5026 dicit
549 4967 908 5031 Paludanus
938 4969 1084 5048 (qui
1129 4969 1316 5032 etiam
1367 4971 1524 5032 solet
1569 4989 1684 5050 pro

113 5059 240 5118 hac
289 5059 598 5120 sententia
637 5061 860 5140 citari),
909 5062 974 5122 in
1007 5061 1254 5141 quarto,
1287 5063 1682 5126 distinctione

111 5149 366 5212 decima
414 5159 637 5230 quarta
657 5199 674 5226 ,
723 5155 1060 5232 quaestione
1099 5156 1388 5234 septima,
1422 5156 1682 5218 articulo

110 5245 346 5324 prim0‚
399 5245 508 5306 ubi
557 5248 642 5308 ait
683 5249 1118 5328 poenitentiam
1157 5250 1490 5311 restituere
1539 5269 1684 5332 gra—

113 5337 272 5398 tiam
301 5338 364 5400 in
393 5339 641 5419 majori,
662 5341 763 5402 vel
789 5341 1038 5410 minori.
1069 5342 1168 5404 vel
1197 5343 1423 5422 oequali
1452 5343 1678 5424 gradu,

112 5431 468 5496 secundum
499 5433 774 5498 diversas
807 5434 1267 5516 dispositiones.
1301 5435 1480 5510 Quod
1523 5437 1682 5498 duo-

111 5523 238 5591 bus
265 5524 470 5600 modis
504 5531 708 5620 potest
735 5527 996 5612 intelligi
1031 5545 1044 5588 τ
1079 5529 1304 5622 primo,
1339 5528 1512 5622 quad
1540 5548 1680 5620 gra·

3218 381 3337 443 ⁴59

1779 487 1866 549 tia
1893 486 1999 548 illa
2026 487 2227 549 solum
2266 488 2628 551 restituatur
2660 486 2918 568 aequalis
2959 482 3049 547 illi
3074 485 3338 567 disposi-

1779 580 1929 641 tioni
1960 600 2073 660 per
2101 599 2295 661 quam
2324 582 2511 646 homo
2556 582 2849 661 resurgit,
2897 581 3185 661 quamvis
3211 598 3339 643 non

1777 674 1963 736 detur
1985 680 2227 735 tantum
2258 674 2485 737 intuitu
2514 672 2701 759 illius,
2744 674 2857 737 sed
2896 674 3082 737 etiam
3108 692 3341 754 praece-

1778 766 2062 829 dentium
2088 767 2493 839 meritorum;
2527 774 2590 829 et
2620 768 2721 827 hic
2749 772 2842 829 est
2889 785 3111 829 sensus
3154 768 3340 847 hujus

1778 861 2073 923 secundae
2096 860 2427 940 opinioniS,
2446 860 2623 921 illum
2648 866 2861 923 tamen
2887 860 3033 921 dicti
3056 867 3341 923 auctores

1775 951 1904 1017 n'on
1935 955 2275 1017 declarant.
2316 955 2487 1017 Alter
2514 973 2737 1017 sensus
2780 958 2894 1025 est,
2945 961 3170 1037 praeter
3199 973 3342 1035 gra-

1777 1048 1953 1123 tiam,
1988 1066 2129 1129 quae
2170 1047 2619 1127 correspondet
2648 1045 2999 1112 contritioni
3024 1047 3338 1127 proesenti,

1777 1142 2021 1204 infundi
2060 1143 2247 1205 aliam
2288 1143 2531 1207 ratione
2564 1142 3049 1222 praecedentium
3090 1134 3341 1203 merito·

1775 1255 1939 1311 rum,
1967 1255 2095 1299 uon
2120 1244 2337 1299 tamen·
2356 1254 2610 1317 semper
2631 1236 2941 1309 eamdem,
2979 1241 3087 1297 aut
3118 1242 3336 1309 totam,

1777 1331 1889 1393 sed
1925 1332 2455 1411 proportionatam
2496 1332 2685 1396 etiam
2744 1329 3037 1410 praesenti
3076 1330 3342 1410 disposi-

1777 1425 1967 1498 tioni;
2016 1432 2079 1487 et
2117 1426 2295 1505 juxta
2346 1426 2515 1487 hunc
2566 1443 2845 1500 sensum,
2895 1442 3085 1505 quem
3148 1424 3338 1495 verba

1777 1518 2091 1581 dictorum
2132 1526 2459 1581 auctorum
2502 1519 2735 1599 optime
2766 1517 3119 1589 admittunt,
3148 1516 3337 1582 etiam

1777 1618 2115 1693 resurgunt
2141 1612 2365 1674 merita
2396 1612 2605 1691 quoad
2633 1630 2863 1673 novum
2886 1612 3209 1691 praemium
3240 1629 3339 1673 es-

1778 1706 2079 1779 sentiale;
2113 1707 2283 1786 quod
2328 1712 2547 1786 postea
2594 1705 2966 1767 videbimus.
3003 1708 3205 1786 Atque
3244 1704 3340 1765 ni-

1777 1798 1866 1859 hil
1906 1798 2077 1860 aliud
2116 1798 2298 1861 docet
2324 1799 2693 1879 Cajetanus,
2727 1798 2833 1879 qui
2884 1816 3001 1879 pro
3039 1798 3157 1859 hac
3194 1815 3340 1861 sen-

1775 1892 1970 1952 tentia
2004 1892 2163 1953 solet
2192 1892 2389 1964 citari,
2422 1891 2603 1955 tertia
2629 1896 2829 1971 part-e,
2864 1891 3204 1971 quaestione
3236 1909 3339 1953 oe·

1776 1983 2083 2065 togesima
2122 2002 2289 2045 nona
2312 2030 2329 2057 ,
2368 1985 2631 2045 articulo
2676 1982 2973 2047 secundo.
3024 1982 3341 2045 Nihilomi-

1775 2095 1896 2138 nus
1925 2082 2140 2139 tamen
2188 2077 2295 2138 alii
2324 2077 2609 2139 moderni
2645 2078 2977 2141 Thomistae
3023 2076 3339 2139 mordicus

1775 2168 2124 2232 defendunt
2170 2172 2333 2232 hanc
2388 2171 2797 2243 sententiam,
2846 2170 3132 2233 distincte
3169 2170 3339 2233 illam

1779 2262 2149 2342 explicando
2182 2264 2247 2325 iu
2285 2263 2475 2344 priori
2506 2282 2720 2338 sensu,
2754 2281 3021 2343 eamque
3060 2263 3341 2325 tribuunt

1781 2358 2101 2437 Cajetano‚
2134 2358 2434 2439 Capreolo
2476 2364 2539 2421 et
2569 2358 2911 2421 Paludano.
2946 2358 3341 2435 (Dominicus

1781 2451 2031 2511 Bannes
2071 2453 2131 2512 2.
2162 2452 2223 2524 Ξ,
2264 2456 2483 2530 quaest.
2528 2453 2630 2525 24,
2664 2458 2780 2513 art.
2815 2455 2874 2527 6,
2906 2451 3056 2513 dub.
3087 2453 3145 2526 6,
3179 2470 3341 2531 prae-

1781 2544 1995 2604 sertim
2028 2544 2227 2605 conci.
2254 2546 2337 2623 3).

1862 2640 1922 2700 6.
1955 2638 2165 2698 Tribui
2194 2643 2495 2718 praeterea
2532 2638 2693 2700 solet
2716 2639 2849 2700 haec
2883 2637 3094 2718 opinio
3123 2639 3195 2699 D.
3224 2636 3341 2699 Bo·

1777 2738 2162 2807 naventurze,
2194 2733 2257 2793 in
2286 2734 2349 2806 4,
2402 2732 2669 2793 distinct.
2718 2734 2817 2806 u,
2864 2738 3025 2813 part.
3079 2733 3119 2793 2
3148 2731 3337 2807 illius,

1778 2832 1892 2887 art.
1927 2828 1989 2899 2,
2023 2833 2244 2905 quaest.
2272 2829 2327 2897 l,
2373 2826 2551 2905 cujus
2578 2826 2771 2887 verba
2800 2832 2947 2889 sunt
2974 2827 3110 2887 haec
3149 2843 3163 2885 ε
3196 2826 3341 2889 Ideo

1775 2922 1945 2985 oredo
1982 2921 2141 3001 quod
2155 2920 2529 3002 probabilior
2553 2920 2801 2985 estatio
2828 2921 3051 3005 opinio,
3079 2920 3237 2999 quod
3250 2935 3341 2982 re·

1773 3018 1993 3097 ωηατ
2016 3015 2084 3075 in
2120 3012 2363 3094 quali,
2391 3016 2449 3075 et
2472 3014 2723 3093 majori,
2756 3019 2813 3076 et
2852 3012 3097 3079 minori.
3127 3029 3341 3075 sectan-

1773 3106 1912 3171 dum
1936 3108 2093 3190 quod
2114 3125 2176 3170 se
2206 3106 2421 3171 melius
2445 3113 2783 3190 proeparat,
2816 3114 2875 3177 et
2911 3106 3118 3184 divina
3144 3105 3341 3190 lav-92⁸-

1772 3207 1872 3265 tas
1909 3200 2237 3282 dispensat.
2290 3200 2437 3272 Quae
2477 3201 2671 3265 verba
2722 3201 3143 3265 indifferentia
3192 3204 3337 3262 sunt

1773 3293 1856 3356 ad
1891 3299 2229 3372 utrumque
2276 3311 2532 3356 sensum
2576 3312 2767 3374 supra
2811 3293 3221 3368 declaratum,
3272 3299 3341 3355 ut

1775 3405 1852 3448 ex
1895 3385 2050 3466 ipsis
2098 3386 2427 3448 manifeste
2464 3392 2726 3450 constat.
2781 3389 2937 3450 Item
2966 3387 3157 3450 citant
3200 3387 3337 3450 Ale-

1771 3480 2080 3542 xandrum
2103 3481 2419 3554 Alensem,
2440 3482 2480 3542 4
2502 3487 2689 3560 part.,
2718 3487 2935 3562 quaest.
2968 3483 3068 3555 57,
3098 3481 3332 3542 memb.

1775 3577 1832 3648 5,
1879 3574 1963 3636 sd
2016 3576 2076 3646 7,
2130 3573 2241 3636 ubi
2296 3574 2500 3640 solum
2534 3575 2716 3648 ⁸dicit,
2772 3577 3057 3654 quamvis
3113 3575 3339 3646 merita

1773 3665 2145 3728 mortificata
2182 3668 2577 3742 reviviscant,
2624 3674 2835 3731 tamen
2876 3669 3205 3748 praemium
3242 3686 3339 3730 so·

1771 3759 1904 3820 lum
1936 3777 2075 3822 esse
2106 3759 2507 3821 tribuendum
2537 3761 2885 3822 secundum
2924 3762 3339 3842 quantitatem

1773 3853 2091 3914 charitatis
2130 3851 2365 3924 finalis;
2420 3871 2559 3933 quse
2606 3853 2899 3928 charitas,
2942 3860 3007 3916 et
3034 3873 3071 3914 a
3098 3852 3339 3916 fortiori

1771 3945 1878 4006 illa
1919 3945 1985 4007 in
2023 3965 2151 4025 qua
2199 3946 2386 4007 homo
2430 3947 2703 4026 resurgit
2740 3965 2773 4008 a
2818 3951 3101 4027 peccato,
3132 3951 3339 4026 potest

1770 4039 2086 4102 interdum
2134 4056 2273 4100 esse
2323 4038 2529 4100 minor
2572 4057 2765 4119 quam
2812 4040 2998 4104 fuerit
3040 4039 3332 4111 charitas,

1771 4151 1963 4212 quam
1984 4133 2172 4206 homo
2202 4132 2419 4194 habuit
2448 4138 2594 4194 ante
2621 4139 3337 4219 peccat11m3nunquam

1772 4231 1983 4286 tamen
2026 4225 2240 4286 docuit
2292 4225 2535 4286 Alensis
2577 4225 2945 4288 charitatem
2986 4226 3193 4302 illam,
3236 4225 3337 4287 vel

1767 4317 2048 4393 finalem,
2080 4318 2185 4379 vel
2211 4318 2275 4379 in
2306 4335 2431 4398 qua
2470 4319 2659 4383 homo
2687 4319 2958 4398 resurgit
2986 4337 3023 4380 a
3050 4325 3332 4400 peccato,

1768 4429 2097 4490 nunquam
2140 4429 2277 4472 esse
2322 4409 2631 4490 majorem
2652 4412 2717 4472 in
2740 4411 3113 4485 intensione,
3144 4430 3335 4494 quam

1769 4521 1910 4584 quse
1938 4504 2457 4591 corresponderet
2482 4503 2835 4566 contritioni
2860 4511 2923 4566 et
2946 4505 3337 4585 subsequen·-

1767 4597 1937 4658 tibus
1966 4597 2231 4670 meritis,
2264 4595 2509 4659 etiamsi
2538 4601 2683 4660 ante
2715 4597 2960 4678 lapsum
3004 4598 3175 4658 nulla
3206 4617 3339 4660 me-

1767 4689 1890 4752 rita
1932 4690 2435 4768 praecessissent3
2494 4709 2701 4770 neque
2751 4693 2871 4752 hoc
2924 4691 3208 4773 sequitur
3260 4709 3335 4753 ex

1767 4783 1949 4845 dictis
1992 4784 2072 4845 ab
2126 4783 2335 4845 Alens,
2384 4786 2536 4846 Nam
2560 4830 2575 4858 ,
2622 4784 2766 4848 licet
2813 4785 3083 4853 charitas
3126 4791 3339 4866 poste·-

1763 4876 1914 4951 rior,
1956 4895 2065 4938 seu
2108 4881 2477 4956 recuperata
2529 4884 2671 4957 post
2708 4878 2981 4959 lapsum,
3013 4880 3093 4942 sit
3128 4878 3337 4940 minor

1765 4988 1958 5049 quam
2010 4969 2371 5049 praecedens
2398 5014 2415 5042 ,
2470 4971 2879 5034 nihilominus
2932 4978 3141 5052 potest
3194 4991 3333 5038 esse

1763 5065 1967 5144 major
1994 5081 2185 5142 quam
2227 5062 2437 5123 danda
2484 5070 2651 5127 esset
2700 5082 2817 5145 per
2862 5066 3063 5128 solam
3109 5067 3335 5130 contri-

1763 5158 2000 5219 tionem
2035 5202 2051 5229 ,
2110 5155 2161 5218 si
2217 5157 2437 5219 merita
2499 5177 2627 5218 nou
2689 5160 3150 5239 praecessissent
3182 5204 3197 5232 ,
3266 5166 3335 5224 ut

1761 5250 1965 5331 magis
2016 5268 2095 5312 ex
2139 5251 2545 5329 sequentibus
2587 5252 2967 5314 sectionibus
2998 5253 3327 5316 constabit.

1762 5344 1840 5404 Hi
1885 5361 2059 5423 ergo,
2092 5351 2380 5405 auctores
2422 5363 2553 5406 non
2596 5344 2825 5406 docent
2874 5346 3037 5406 hanc
3084 5351 3333 5409 senten-

1757 5438 1935 5509 tiam,
1967 5437 2253 5515 quamvis
2284 5437 2349 5498 id
2393 5437 2563 5524 quod
2596 5436 2825 5504 docent
2868 5436 2927 5508 ei
2970 5457 3099 5500 non
3142 5455 3331 5530 repu-

1757 5536 1933 5623 gnet,
