3850 6225
935 438 1072 488 CAP.
1109 437 1191 490 Vl.
1225 437 1309 489 1)ss
1341 435 1594 489 Auximo
1629 435 2029 488 SUFFICIENTE
2062 437 2141 489 ΕΤ
2174 438 2469 492 EFFchct.

135 537 388 608 ficientiS‚
413 536 476 598 in
497 555 572 597 eo
593 553 778 596 sensu
804 553 929 614 quo
957 535 1039 595 ab
1053 536 1152 594 his
1173 534 1506 613 Theologis
1529 539 1653 594 tra-

135 631 294 703 ditur,
322 647 445 690 non
473 635 566 690 est
590 645 760 703 vera,
793 633 856 689 et
873 629 1355 708 repugnantiam
1385 627 1444 688 in
1473 645 1540 688 se
1561 627 1653 687 in-

131 725 312 796 volvit,
333 728 390 782 et
413 741 540 782 non
559 723 706 783 satis
722 722 991 801 explicat
1014 723 1362 800 Scripturas
1389 721 1652 799 loquen-

133 827 210 879 tes
233 816 302 877 de
323 817 437 876 hoc
463 814 688 876 auxilio
711 816 1078 876 sufficiente.
1113 817 1192 879 Ut
1217 834 1366 895 ergo
1388 831 1492 875 res
1521 819 1654 874 tota

129 917 314 970 exacte
337 908 680 969 declaretur
700 955 714 979 ‚
748 908 1204 969 advertendum
1229 915 1324 970 est
1343 954 1358 982 ,
1395 925 1538 968 cum
1563 907 1655 968 di-

130 1004 264 1064 citur
282 1002 570 1062 auxilium
589 1002 902 1063 sufficiens
923 1002 1058 1063 dari
1081 1003 1340 1076 homini,
1367 1008 1436 1063 ut
1458 1001 1653 1081 possit

130 1096 363 1175 operari,
393 1095 489 1156 vel
515 1113 644 1156 non
669 1113 952 1174 peccare,
985 1095 1110 1156 duo
1143 1096 1231 1156 ibi
1263 1096 1654 1175 distinguen-

127 1191 194 1250 da
218 1207 378 1251 esse:
411 1207 606 1248 unum
637 1195 754 1260 est,
799 1188 864 1249 id
891 1189 1060 1268 quod
1099 1188 1440 1250 formaliter
1467 1188 1652 1249 datur

126 1302 220 1362 per
253 1281 578 1353 auxilium3
631 1281 802 1342 aliud
849 1287 966 1355 est,
1015 1281 1078 1341 id
1123 1281 1294 1361 quod
1337 1287 1432 1342 est
1471 1283 1650 1361 quasi

125 1377 392 1438 terminus
423 1395 534 1436 seu
575 1375 716 1438 linis
751 1377 892 1438 talis
921 1376 1156 1437 auxilii.
1211 1376 1389 1447 Quod
1417 1376 1653 1437 forma-

125 1472 240 1530 liter
260 1471 433 1530 datur
456 1488 572 1550 per
597 1469 900 1530 auxilium
925 1470 1263 1543 sufficiens,
1297 1476 1392 1532 est
1418 1487 1604 1548 posse
1629 1489 1644 1542 ;

125 1563 390 1624 terminus
418 1581 566 1624 vero
608 1581 722 1624 seu
751 1563 895 1624 finis
922 1569 1190 1643 propter⁸
1211 1581 1401 1643 quem
1432 1564 1646 1637 datur,

128 1661 202 1716 est
239 1656 386 1716 velle
445 1674 558 1716 seu
608 1657 938 1736 perficere.
1007 1658 1164 1718 Cum
1219 1675 1370 1736 ergo
1425 1657 1651 1718 dicitur

128 1749 382 1808 auxilium
401 1750 722 1811 sufficiens
745 1750 878 1811 dari
910 1749 990 1810 ad
1015 1768 1224 1828 posse,
1256 1767 1372 1811 seu
1393 1755 1650 1829 propter

123 1861 294 1920 posse,
329 1843 380 1902 si
401 1843 790 1924 intelligatur
827 1833 1006 1923 quasi
1035 1844 1116 1905 de
1148 1843 1398 1904 formali
1427 1843 1656 1904 effectu

127 1937 321 2008 auxilii,
347 1937 745 1998 verissimum
773 1944 869 1998 est
892 1953 913 2014 3
945 1937 1130 1998 datur
1159 1937 1326 1998 enim
1355 1943 1424 1998 ut
1455 1937 1658 1998 homi-

127 2051 244 2092 nem
286 2033 620 2094 constituat
667 2033 1030 2112 simpliciter
1067 2037 1387 2111 potentem
1427 2032 1508 2092 ad
1547 2051 1656 2094 vo-

127 2125 374 2199 lendum;
421 2127 470 2186 si
518 2131 736 2188 autem
783 2126 1167 2206 intelligatur
1207 2126 1283 2186 de
1337 2125 1487 2198 fine,
1539 2145 1654 2187 seu

129 2221 351 2281 termino
397 2226 662 2300 propter
704 2237 894 2298 quem
947 2220 1132 2281 datur
1159 2265 1175 2291 ,
1223 2219 1454 2280 falsum
1507 2225 1602 2280 est
1632 2239 1648 2292 ;

127 2331 242 2371 nam
267 2314 534 2392 potentia
579 2331 713 2373 non
757 2312 945 2374 datur
971 2318 1228 2392 propter
1264 2329 1474 2392 posse,
1517 2318 1653 2374 tan-

127 2423 280 2483 quam
319 2412 570 2485 propter
612 2406 908 2468 ultimum
957 2406 1320 2480 terminum,
1365 2405 1478 2466 sed
1507 2425 1655 2484 pro-

125 2504 236 2576 pter
251 2500 516 2577 operari;
549 2501 644 2560 sic
671 2517 844 2580 ergo,
871 2499 1170 2559 auxilium
1191 2498 1506 2559 sufficiens
1525 2518 1655 2559 non

125 2592 292 2652 solum
313 2597 403 2654 est
437 2593 520 2654 ad
549 2611 768 2673 posse,
809 2592 922 2653 sed
949 2592 1032 2652 ad
1061 2591 1307 2670 operari
1338 2607 1359 2668 3
1395 2598 1458 2653 et
1483 2592 1652 2666 iden,

129 2691 382 2745 utrevera
396 2686 474 2746 sit
487 2686 814 2747 sufficiens
837 2731 852 2756 ‚
885 2703 1015 2746 non
1033 2691 1276 2745 tantum
1295 2685 1444 2746 dare
1465 2684 1654 2746 debet

126 2777 514 2840 sufficientiam
543 2779 634 2839 ad
661 2795 870 2858 posse,
901 2777 1014 2838 sed
1041 2778 1228 2838 etiam
1253 2776 1337 2836 ad
1360 2778 1604 2856 operari
1634 2797 1649 2850 ;

125 2868 226 2928 imo
263 2889 378 2931 non
414 2877 628 2951 potest
666 2872 818 2932 dare
857 2871 1130 2951 primum
1169 2871 1302 2932 sine
1344 2871 1646 2930 secundo,

125 2963 248 3022 Nam
275 2964 538 3042 potentia
559 2982 696 3024 non
723 2969 928 3042 potest
949 2962 1312 3042 simpliciter
1331 2969 1650 3041 potentem

128 3058 458 3119 constituere
497 3059 566 3119 in
598 3057 812 3137 aliquo
847 3074 1083 3137 genere
1125 3102 1140 3127 ‚
1195 3057 1310 3117 nisi
1340 3057 1402 3117 in
1441 3056 1545 3117 illo
1577 3057 1655 3118 sit

127 3151 396 3212 sufficiens
422 3151 504 3212 ad
527 3168 724 3211 suum
755 3156 988 3211 actum.
1021 3152 1238 3227 Neque
1270 3150 1652 3230 Augustinus

123 3240 172 3300 in
197 3260 258 3303 eo
286 3262 464 3305 sensu
501 3244 790 3305 distinxit
821 3243 984 3304 inter
1015 3244 1314 3304 auxilium
1355 3244 1438 3305 ad
1465 3262 1650 3323 posse

125 3340 172 3395 et
195 3336 262 3396 ad
287 3338 436 3399 velle
457 3384 474 3411 ,
519 3337 700 3418 quod
728 3355 927 3397 unum
972 3336 1049 3397 sit
1085 3338 1398 3397 sufficiens
1429 3337 1510 3398 ad
1549 3356 1653 3398 ac-

127 3434 226 3487 tum
253 3436 306 3490 et
331 3450 454 3492 non
483 3431 662 3492 aliud
693 3450 711 3503 ;
753 3430 868 3491 sed
902 3431 1072 3508 quod
1101 3449 1298 3490 unum
1324 3430 1515 3491 habet
1545 3449 1650 3491 ac-

127 3526 228 3581 tum
255 3525 677 3603 conjunctum,
715 3530 780 3585 et
805 3542 936 3585 non
963 3524 1170 3596 aliud3
1205 3530 1411 3604 potest
1435 3530 1648 3586 autem

125 3632 232 3675 esse
254 3618 554 3679 sufficiens
577 3617 668 3679 ad
691 3622 926 3692 actum,
971 3624 1030 3679 et
1053 3636 1182 3679 non
1207 3618 1442 3679 habere
1473 3618 1648 3679 illum

121 3709 495 3786 conjunctum,
523 3712 614 3773 ob
639 3710 994 3771 libertatem
1021 3711 1338 3791 operantis
1369 3732 1384 3784 ;
1419 3712 1496 3772 de
1525 3713 1646 3771 hoc

121 3818 240 3861 vero
296 3805 680 3883 Augustinus
735 3802 1092 3865 testimonio
1149 3804 1330 3883 plura
1387 3803 1646 3864 inferius

122 3910 228 3973 cap.
263 3899 352 3957 14.

183 3991 232 4047 4.
275 3988 588 4052 Auxilium
625 4006 750 4053 esse
793 3990 954 4052 debet
981 3990 1286 4071 sufficiens
1321 3992 1404 4053 ad
1443 4007 1646 4071 opera-

124 4080 321 4144 tionem.
345 4084 554 4143 —Est
603 4082 798 4161 igitur
823 4082 903 4143 de
943 4084 1184 4144 ratione
1229 4083 1436 4143 auxilii
1477 4084 1648 4143 suffi-

125 4172 322 4247 cientis,
356 4182 424 4236 ut
471 4176 554 4236 ad
597 4176 994 4254 operandum
1025 4176 1339 4237 sufficiens
1367 4178 1466 4249 sit,
1495 4194 1646 4236 nam

125 4264 312 4345 alioqui
351 4286 474 4329 non
503 4276 722 4348 posset
745 4269 944 4347 culpae
977 4270 1228 4331 attribui
1265 4270 1646 4350 operationis

125 4355 390 4434 defectum
437 4362 600 4423 sicut
647 4380 796 4443 ergo
835 4362 1074 4423 homini
1114 4381 1244 4423 non
1292 4363 1646 4442 praecipitur

125 4454 178 4509 ut
197 4453 387 4530 possit,
417 4454 529 4515 sed
553 4459 628 4515 ut
652 4454 864 4529 faciat,
896 4456 980 4515 ita
1009 4456 1066 4515 ei
1091 4456 1368 4517 dandum
1387 4455 1503 4516 fuit
1535 4475 1643 4515 au-

125 4541 304 4603 xilium
353 4548 689 4621 sufficienS‚
718 4566 848 4609 non
893 4554 960 4609 ut
987 4549 1184 4627 possit
1224 4554 1491 4622 tantum,
1529 4547 1643 4609 sed

127 4636 280 4697 etiam
305 4645 372 4699 ut
393 4639 602 4714 faciat,
636 4642 684 4701 si
713 4648 926 4702 tamen
953 4640 1160 4701 facere
1189 4641 1486 4713 voluerit;
1521 4641 1642 4702 hoc

128 4728 264 4789 enim
297 4733 574 4794 relictum
599 4752 850 4813 semper
885 4739 978 4794 est
1011 4734 1075 4793 in
1105 4734 1244 4813 ejus
1279 4734 1637 4807 voluntate3

131 4822 220 4881 sed
251 4828 664 4891 necessarium
697 4827 814 4888 fuit
850 4828 1025 4907 prius
1066 4828 1356 4888 constitui
1403 4828 1467 4887 in
1502 4828 1640 4907 ejus

129 4921 414 4992 potestate,
438 4926 502 4981 et
525 4922 646 4982 hoc
672 4920 907 4982 factum
939 4926 1034 4981 est
1061 4938 1174 5000 per
1200 4921 1500 4981 auxilium
1521 4920 1644 4981 suf-

129 5002 327 5069 ficiens.
357 5012 429 5071 Et
463 5014 584 5074 hoc
625 5019 721 5075 est
757 5014 928 5092 quod
974 5013 1314 5074 Concilium
1342 5013 1643 5075 Tridenti-

129 5115 272 5169 num‚
301 5102 436 5165 dict.
467 5125 608 5185 cap.
645 5110 742 5180 Η,
774 5106 957 5167 dixit:
1014 5108 1178 5169 Deus
1201 5124 1320 5168 non
1333 5108 1510 5186 jubet
1533 5107 1645 5169 im-

123 5194 420 5272 possibilia,
446 5200 552 5261 sed
577 5200 860 5278 jubendo,
895 5203 1094 5261 monet
1108 5203 1306 5278 facere
1327 5202 1487 5281 quod
1509 5217 1645 5280 pos-

129 5286 219 5358 sis,
263 5296 314 5351 et
348 5297 546 5371 petere
567 5294 722 5374 quod
757 5310 877 5354 non
915 5291 1142 5374 possis,
1188 5299 1246 5356 et
1283 5295 1538 5374 adjuvat
1573 5299 1645 5356 ut

126 5380 294 5454 possis
314 5408 338 5453 ;
367 5388 426 5443 et
452 5384 738 5447 inferius:
774 5384 1043 5449 Servant
1079 5387 1324 5466 (inquit)
1345 5404 1646 5451 sermones

130 5472 259 5547 eju&
279 5479 424 5555 quod
446 5482 650 5561 utique
673 5499 804 5545 cum
845 5481 1045 5544 divino
1078 5482 1310 5544 auxilio
1347 5486 1644 5563 praestare

127 5576 366 5641 possunt.
387 5574 582 5651 Atque
601 5575 743 5635 hinc
769 5574 861 5649 fit,
896 5574 974 5635 de
1003 5576 1244 5636 ratione
1277 5574 1490 5635 auxilii
1517 5574 1646 5635 suf-

1734 529 2021 605 ficientis,
2042 533 2093 593 si
2121 536 2403 613 proxime
2426 542 2488 597 et
2514 542 2658 598 actu
2680 537 2992 599 sufficiens
3017 539 3115 612 sit,
3136 556 3299 614 esse,

1731 631 1802 687 ut
1826 626 2104 688 includat
2135 629 2341 690 omnia
2372 630 2601 690 auxilia
2626 631 2980 692 necessaria
3012 631 3302 710 simplici-

1730 724 1851 793 ter,
1885 739 2023 798 quae
2050 739 2165 799 per
2192 723 2455 783 modum
2486 723 2777 802 principii
2802 731 3183 785 concurrunt
3217 725 3300 786 ad

1735 815 2277 890 supernaturalem
2308 823 2541 889 actum;
2574 817 2718 896 quia
2742 818 2861 878 hoc
2882 817 3181 878 auxilium
3207 824 3303 880 est

1735 905 2050 966 sufficiens
2076 925 2191 985 per
2210 909 2465 970 modum
2499 911 2823 988 potentiee;
2868 913 3148 990 potentia
3188 930 3302 972 au-

1733 1003 1861 1057 tem
1890 1004 1960 1058 ut
1982 999 2060 1059 sit
2085 1000 2419 1074 sufficienS,
2445 1009 2689 1082 oportet
2710 1008 2776 1063 ut
2803 1004 3030 1066 habeat
3046 1023 3300 1066 omnem

1731 1093 2026 1152 virtutem
2084 1096 2502 1156 necessariam
2549 1096 2631 1158 ad
2672 1099 3027 1176 agendum3
3080 1104 3142 1159 et
3180 1100 3301 1160 hoc

1733 1185 1941 1264 ipsum
1967 1205 2096 1265 prae
2145 1205 2211 1249 se
2238 1187 2359 1250 fert
2387 1207 2619 1251 nomen
2652 1191 3047 1266 sufficientis;
3078 1211 3227 1252 nam
3249 1195 3298 1255 si

1733 1279 1989 1358 aliquod
2038 1283 2466 1344 necessarium
2511 1285 2885 1364 principium
2928 1285 3127 1358 deest,
3164 1287 3299 1347 sinc

1732 1373 1837 1432 illo
1866 1391 1993 1433 non
2026 1382 2231 1453 potest
2260 1377 2431 1439 aliud
2474 1379 2757 1457 operari;
2790 1396 2941 1459 ergo
2980 1377 3152 1439 aliud
3172 1399 3301 1440 non

1734 1472 1867 1526 erat
1893 1467 2232 1529 sufficiens,
2260 1471 2385 1531 Nec
2408 1471 2577 1531 enim
2602 1472 2723 1532 alia
2744 1473 2981 1534 ratione
3008 1473 3299 1534 voluntas

1733 1557 1866 1618 sine
1904 1559 2135 1621 auxilio
2182 1562 2399 1642 gratiae
2448 1583 2575 1624 non
2614 1570 2705 1625 est
2730 1565 3042 1627 sufficiens
3076 1565 3157 1626 ad
3184 1567 3301 1627 hos

1733 1657 1908 1712 actus
1936 1652 2295 1728 eliciendOS,
2318 1655 2439 1716 nisi
2457 1657 2603 1736 quia
2627 1657 2866 1736 indiget
2888 1659 3139 1736 auxilio,
3167 1659 3302 1720 siue

1731 1761 1856 1821 quo
1882 1764 2011 1807 non
2050 1748 2242 1809 habet
2266 1749 2650 1812 sufficientes
2696 1752 2893 1824 vires;
2926 1769 3075 1832 ergo
3108 1753 3302 1832 quod-

1740 1856 2009 1918 cumque
2033 1842 2333 1902 auxilium
2363 1843 2567 1918 detur,
2624 1845 2673 1905 si
2706 1845 2865 1906 ultra
2890 1845 3043 1907 illud
3080 1852 3174 1908 est
3195 1865 3304 1908 ne-

1739 1933 2080 1994 cessarium
2130 1935 2299 1996 aliud
2331 1955 2449 2016 per
2486 1938 2745 1999 modum
2792 1939 3101 2018 principii,
3148 1940 3303 2002 alte-

1735 2041 1877 2083 rum
1929 2044 2055 2087 non
2109 2030 2335 2107 poterit
2380 2048 2517 2091 esse
2563 2031 2878 2092 sufficiens
2916 2031 3298 2112 simpliciter,

1735 2117 1848 2178 sed
1883 2119 1964 2178 ad
1990 2139 2305 2181 summum
2332 2122 2395 2182 in
2430 2124 2637 2204 aliquo
2668 2143 2925 2204 genere,
2956 2131 3107 2203 puta
3138 2125 3303 2187 exci-

1733 2212 1921 2273 tantis
1942 2214 2037 2274 vel
2060 2215 2435 2294 adjuvantis,
2460 2219 2737 2292 moraliS,
2765 2219 2864 2279 vel
2890 2219 3153 2299 physici.
3181 2222 3303 2281 Au-

1734 2305 1949 2366 xilium
1992 2325 2141 2387 ergo
2176 2309 2459 2370 absolute
2490 2309 2829 2385 sufficienS,
2854 2311 2932 2373 de
2957 2330 3081 2391 quo
3102 2312 3304 2392 loqui-

1735 2417 1900 2470 mur,
1933 2401 2103 2477 quod
2134 2402 2451 2463 constituit
2478 2404 2799 2464 hominem
2841 2405 3203 2484 simpliciter
3242 2411 3305 2468 et

1735 2493 2017 2571 proxime
2074 2501 2395 2574 potentem
2450 2497 2533 2557 ad
2570 2498 2959 2577 operandum
2979 2545 2993 2572 ‚
3042 2517 3302 2560 necesse

1735 2591 1830 2645 est
1871 2585 2147 2648 includat
2190 2605 2376 2650 omne
2429 2590 2727 2651 auxilium
2770 2593 3201 2653 necessarium
3242 2593 3305 2652 in

1736 2679 1959 2757 quovis
1988 2698 2221 2760 genere
2246 2700 2359 2761 per
2374 2684 2633 2744 modum
2658 2685 2968 2766 principii.

1817 2775 1874 2834 5.
1917 2773 2167 2852 Loquor
2196 2782 2407 2836 autem
2436 2777 2513 2837 de
2554 2778 2781 2839 auxilio
2810 2780 3093 2858 proxime
3134 2779 3301 2842 suffi-

1735 2865 1963 2938 ciente,
1981 2867 2045 2926 id
2070 2873 2184 2940 est,
2219 2886 2343 2946 quo
2376 2869 2564 2930 homo
2584 2877 2677 2931 est
2692 2871 3062 2934 constitutus
3078 2873 3137 2933 in
3157 2879 3303 2934 actu

1736 2959 1937 3038 primo
1970 2958 2050 3020 ad
2079 2961 2493 3038 operandum,
2516 2962 2598 3022 ita
2622 2968 2688 3024 ut
2716 2982 2792 3024 ex
2816 2971 2993 3043 parte
3020 2967 3304 3026 omnium

1735 3071 1876 3134 quae
1910 3055 2451 3134 praerewiruntu1²
2480 3056 2560 3117 ad
2587 3059 3040 3138 operationem,
3070 3059 3225 3121 nihil
3246 3061 3306 3122 ei

1735 3146 1917 3221 desit,
1949 3147 2029 3209 ad
2059 3167 2205 3208 eum
2254 3148 2533 3225 modum,
2578 3168 2703 3230 quo
2746 3152 2811 3212 in
2852 3152 3295 3233 superioribuS,

1733 3241 1840 3301 lib.
1877 3244 1935 3313 1,
1961 3260 2097 3320 cap.
2133 3246 2191 3313 3,
2239 3242 2506 3303 diximus
2536 3244 2617 3304 ad
2642 3264 2827 3306 usum
2862 3246 3162 3309 libertatis
3190 3265 3301 3308 ne-

1734 3334 2075 3395 cessarium
2103 3354 2263 3409 esse,
2292 3342 2383 3411 ut,
2413 3338 2630 3415 positis
2648 3339 2939 3400 omnibus
2958 3341 3296 3420 requisitiS,

1731 3428 1809 3488 sit
1834 3433 2111 3507 potestas
2150 3428 2231 3488 ad
2269 3429 2621 3509 agendum3
2658 3431 2961 3508 contingit
2988 3433 3155 3493 enim
3185 3434 3299 3494 ho-

1731 3522 1969 3583 minem
2016 3540 2147 3582 non
2194 3528 2336 3583 actu
2377 3524 2613 3585 habere
2658 3525 2868 3585 omnia
2900 3525 3030 3586 haec
3064 3526 3297 3587 auxilia

1729 3616 2085 3677 necessaria
2115 3634 2229 3694 per
2261 3616 2518 3677 modum
2548 3616 2857 3697 principii,
2896 3623 2957 3678 et
2986 3618 3299 3678 nihilomi-

1729 3728 1847 3769 nus
1877 3708 1999 3769 dici
2026 3709 2260 3769 habere
2288 3709 2586 3769 auxilium
2617 3710 2963 3782 sufficiens3
3010 3711 3122 3772 sed
3145 3710 3297 3772 illud

1726 3802 2202 3883 intelligendum
2248 3807 2339 3865 est
2366 3808 2609 3865 remote
2640 3809 2700 3864 et
2732 3804 2799 3864 in
2830 3806 3131 3883 potentia,
3163 3824 3294 3867 non

1725 3902 1941 3957 tamen
1968 3898 2249 3976 proxime
2280 3903 2342 3957 et
2370 3899 2433 3957 in
2464 3903 2628 3958 actu.
2664 3900 2743 3961 Ut
2768 3917 2918 3959 vero
2953 3900 3071 3959 boc
3102 3900 3291 3960 etiam

1726 3990 1914 4051 modo
1958 3990 2189 4051 habeat
2228 3990 2418 4050 homo
2468 3990 2765 4051 auxilium
2800 3990 3135 4064 sufficienS,
3184 4010 3293 4052 ne-

1729 4102 1902 4144 cesse
1927 4088 2113 4143 estut
2147 4084 2303 4143 sitin
2326 4089 2631 4161 potestate
2664 4084 2800 4163 ejus
2820 4084 3053 4163 aliquid
3083 4084 3291 4146 facere

1727 4177 1808 4237 ad
1837 4175 2246 4237 obtinendum
2276 4176 2431 4236 illud
2469 4176 2789 4249 auxilium,
2818 4175 2988 4255 quod
3010 4177 3289 4255 proxime

1727 4269 2014 4331 sufficiat.
2052 4269 2374 4341 Quomodo
2422 4270 2625 4330 omnis
2657 4270 2865 4349 justus
2918 4270 3037 4331 dici
3090 4277 3293 4350 potest

1725 4362 1959 4423 habere
1981 4363 2279 4422 auxilium
2312 4362 2623 4423 sufficiens
2652 4364 2732 4424 ad
2759 4362 3290 4442 perseverandum

1724 4456 1789 4515 in
1841 4456 2074 4535 gratia;
2109 4456 2279 4533 quia,
2308 4456 2456 4515 licet
2496 4474 2625 4515 non
2672 4462 2814 4516 actu
2863 4456 3091 4517 haheat
3135 4456 3287 4516 illud

1725 4548 1993 4627 speciale
2022 4548 2281 4621 donum,
2318 4548 2486 4626 quod
2516 4548 2596 4608 ad
2623 4548 3159 4628 perseverandum
3186 4567 3282 4609 re-

1725 4640 2012 4719 quiritur,
2043 4647 2278 4713 tamen,
2318 4640 2369 4700 si
2401 4648 2536 4701 oret
2576 4648 2637 4701 et
2665 4648 2857 4721 petat,
2915 4648 2979 4703 et
3015 4643 3185 4722 quod
3227 4643 3289 4703 in

1725 4752 1792 4794 se
1843 4740 1939 4794 est
1984 4734 2170 4793 faciat
2220 4752 2333 4813 per
2378 4740 2629 4813 recepta
2678 4734 2845 4795 dona
2870 4781 2885 4808 ,
2943 4738 3111 4797 Deus
3162 4752 3289 4795 non

1723 4827 1981 4905 negabit
2008 4827 2097 4887 illi
2118 4832 2318 4887 totum
2333 4828 2633 4887 auxilium
2662 4828 3110 4903 necessarium,
3144 4826 3289 4907 quia

1723 4938 1851 4981 non
1902 4921 2135 4981 deserit
2190 4939 2335 4981 eum
2393 4940 2430 4980 a
2478 4938 2603 4999 quo
2656 4939 2785 4981 non
2836 4921 3164 4995 deseritur,
3221 4927 3292 4981 ut

1724 5014 1805 5074 ad
1841 5015 1958 5073 hoc
2007 5014 2393 5093 propositum
2432 5013 2584 5075 dixit
2613 5014 2951 5075 Concilium
2982 5014 3290 5075 Tridenti—

1723 5123 1898 5177 num,
1927 5106 2071 5167 dict.
2107 5124 2261 5167 sess,
2285 5107 2345 5179 6,
2380 5125 2435 5167 c.
2457 5109 2525 5167 11
2560 5111 2623 5167 et
2650 5108 2744 5167 13.
2780 5106 3189 5187 Quapropter,
3224 5106 3277 5164 si

1725 5199 1963 5260 homini
1992 5198 2153 5259 desit
2178 5200 2433 5279 aliquod
2458 5199 2757 5260 auxilium
2778 5197 2947 5279 quod
2970 5200 3044 5260 sit
3075 5216 3291 5259 neces-

1727 5294 1961 5353 sarium
2012 5293 2387 5372 principium
2426 5292 2506 5352 ad
2537 5292 2911 5354 eliciendum
2944 5296 3173 5364 actum,
3227 5294 3291 5350 et

1725 5386 1878 5446 nihil
1899 5387 2093 5465 possit
2118 5385 2327 5447 facere
2366 5386 2448 5446 ad
2476 5386 2883 5446 obtinendum
2914 5384 3086 5456 illud,
3114 5382 3287 5443 nullo

1725 5480 1912 5541 modo
1943 5479 2063 5541 dici
2092 5483 2297 5557 potest
2336 5478 2572 5540 habere
2602 5478 2900 5539 auxilium
2944 5476 3281 5549 sufficienS,

1725 5574 1871 5653 quia
1897 5590 2103 5652 neque
2130 5578 2275 5633 actu
2300 5572 2455 5632 illud
2481 5572 2693 5646 habet,
2725 5588 2931 5651 neque
2965 5570 3143 5631 estin
3174 5588 3289 5653 po-
