3850 6225
686 386 822 443 cAP.
858 390 964 442 xn.
1002 384 1306 443 Anxium
1341 390 1607 446 1:125!ch
1638 385 1767 443 NON
1798 388 2178 444 consts'rsnss
2209 388 2274 445 IN
2307 386 2559 452 ALtQtJA,
2593 388 2729 441 Em.

3195 383 3316 446 207

144 486 371 549 luntatis
410 491 629 547 nostroe
652 487 772 548 erit
801 488 999 549 libera
1027 490 1179 563 Deo,
1212 490 1320 568 qui
1348 488 1541 553 libere
1568 478 1659 555 illi
1740 514 1889 557 nem
1933 492 2190 555 Consilii
2216 490 2584 561 Tridentini,
2621 508 2764 570 quae
2807 492 2902 551 est
2927 490 3116 552 veluti
3147 491 3316 552 basis

144 581 325 643 tribuit
376 580 669 641 auxilium
716 581 1271 660 praedeterminans
1300 584 1491 659 illam,
1530 604 1657 647 non
1740 590 1930 669 hujus
1957 584 2225 658 aedificii,
2255 584 2488 647 scilicet
2515 600 2669 645 sess.
2709 584 2772 659 6,
2801 601 2940 663 cap.
2979 586 3040 657 5,
3073 590 3138 645 et
3170 602 3310 647 can.

146 681 325 737 tamen
356 672 465 735 erit
486 673 681 735 libera
706 674 825 754 ipsi
858 675 1183 739 voluntati.
1222 678 1415 757 CuJus
1442 680 1533 739 rei
1560 699 1661 742 ac-
1738 684 1802 757 4,
1832 682 1943 743 ubi
1973 680 2177 760 inquit
2203 679 2472 739 liberum
2502 677 2827 739 arbitrium
2857 696 2894 737 a
2919 678 3046 739 Deo
3075 684 3314 739 motum

144 766 565 831 commodatum
594 770 787 831 etiam
830 771 1209 850 exemplum,
1242 772 1371 833 imo
1429 779 1491 835 et
1530 793 1657 836 non

144 862 256 923 leve
302 864 731 940 argumentum
780 864 945 924 sumi
1005 868 1212 943 potest
1257 884 1337 925 ex
1386 868 1661 929 motibus

144 955 325 1035 gratiae
369 954 709 1032 excitantis,
742 957 847 1035 qui
888 975 1017 1019 non
1046 957 1250 1019 solum
1278 966 1422 1021 sunt
1469 960 1533 1021 in
1574 962 1666 1023 in-

141 1048 355 1109 tellectu
382 1047 493 1109 sed
518 1048 705 1111 etiam
732 1050 799 1109 in
835 1050 1155 1113 voluntate
1182 1070 1197 1111 :
1240 1058 1301 1113 et
1334 1058 1549 1115 tamen
1586 1072 1663 1115 ex

141 1142 409 1203 sententia
436 1143 713 1203 omniurn
742 1144 1205 1224 Theologorum
1236 1164 1365 1207 non
1406 1152 1554 1209 sunt
1596 1148 1666 1209 li-

139 1234 269 1307 beri,
294 1234 397 1295 sed
435 1236 793 1309 naturales;
826 1237 973 1316 quia
1018 1240 1189 1299 Deus
1212 1240 1297 1300 ita
1324 1244 1533 1303 movet
1560 1260 1666 1302 vo-

140 1328 403 1387 luntatem
430 1327 509 1387 ad
540 1328 702 1402 illos,
737 1336 811 1390 ut
840 1332 1097 1391 omnino
1127 1331 1296 1391 illam
1327 1332 1666 1412 praedeter-

137 1420 299 1481 minct
333 1437 345 1478 :
394 1438 541 1481 nam
580 1422 767 1483 etiam
797 1428 947 1484 tunc
976 1423 1115 1503 ipsa
1140 1424 1490 1487 voluntarie
1526 1444 1665 1487 mo-

137 1520 289 1573 vetur
316 1519 373 1575 et
417 1532 557 1575 cum
592 1516 923 1577 sufficienti
966 1517 1353 1579 advertentis
1392 1519 1667 1580 intellec-

138 1614 255 1679 tus;
308 1624 507 1669 tamen
550 1608 639 1669 ita
708 1610 773 1669 in
804 1628 873 1671 se
923 1611 1111 1672 sentit
1166 1610 1342 1671 illum
1370 1613 1667 1674 affectum

138 1699 357 1775 timoriS,
402 1705 512 1760 aut
552 1701 887 1763 velleitatis
928 1722 1041 1765 seu
1088 1704 1383 1789 desiderii
1432 1706 1667 1785 imper-

135 1791 273 1867 fecti,
300 1798 365 1854 ut
404 1811 532 1855 non
578 1796 777 1874 possit
812 1796 989 1857 illum
1020 1815 1151 1857 non
1196 1797 1471 1858 sentire:
1514 1816 1665 1878 ergo

136 1888 399 1963 similiter,
420 1892 471 1951 si
494 1891 589 1953 ita
603 1893 1009 1966 consentiret,
1023 1897 1113 1967 ut,
1148 1894 1349 1974 posita
1372 1893 1485 1957 Dei
1508 1912 1667 1975 pree-

135 1982 391 2057 motione,
422 2002 551 2045 non
583 1991 799 2064 posset
840 2004 971 2047 non
994 1988 1371 2061 consentire,
1404 2006 1667 2050 consen·

138 2094 219 2135 sus
237 2094 353 2137 non
380 2083 543 2139 esset
574 2079 757 2141 liber.

199 2170 251 2229 8.
282 2168 538 2253 Urqetur
558 2172 831 2253 amplius
856 2174 1039 2237 ratio.
1055 2173 1379 2235 —Omitto
1396 2174 1499 2235 vix
1521 2191 1669 2253 pos-

137 2282 189 2323 se
206 2263 441 2343 intelligi
465 2266 677 2344 qualis
696 2266 777 2328 sit
802 2266 909 2327 illa
930 2268 1175 2340 emitae,
1194 2284 1336 2346 quae
1354 2267 1669 2329 inhoerens

138 2356 399 2417 voluntati
433 2357 521 2419 ita
566 2360 649 2421 sit
692 2360 777 2421 illi
817 2361 1105 2440 superior
1143 2361 1237 2439 (ut
1284 2360 1371 2421 sie
1410 2361 1667 2440 dicam),

136 2456 191 2509 ut
210 2450 397 2511 vincat
420 2456 483 2513 et
508 2459 771 2532 superet
792 2454 1279 2515 indifferentiam
1304 2454 1465 2532 ejus,
1500 2472 1671 2514 eam·

134 2559 233 2620 que
248 2560 489 2621 prorsus
512 2545 897 2608 determinet
912 2546 995 2607 ad
1018 2546 1441 2609 exercendum
1459 2552 1668 2607 actum

133 2636 263 2695 circa
292 2637 602 2717 objectum
650 2639 739 2699 ita
769 2640 1181 2719 propositum,
1210 2645 1277 2701 ut
1304 2641 1511 2719 ipsum
1540 2657 1669 2701 non

132 2731 293 2807 possit
315 2750 437 2793 uon
464 2734 809 2795 efficaciter
831 2752 1085 2796 movere
1114 2752 1230 2796 seu
1252 2735 1669 2797 determinare

130 2825 505 2899 voluntatem;
524 2828 683 2907 quia
708 2828 813 2888 illa
844 2828 1096 2901 entitas,
1126 2846 1267 2907 quae
1296 2829 1359 2889 in
1383 2830 1673 2890 volunta-

132 2922 181 2975 te
215 2919 511 2998 recipitur,
544 2921 859 2999 imprimis
906 2921 1082 2982 finita
1114 2928 1229 2983 est.
1278 2922 1511 2983 Deinde
1543 2939 1673 2982 non

134 3010 283 3071 aliter
320 3012 574 3075 inclinat
614 3015 1003 3075 voluntatem
1038 3032 1231 3093 quam
1271 3014 1669 3076 informando

132 3102 293 3178 illam,
326 3125 529 3186 neque
554 3107 723 3170 tollit
758 3108 841 3169 ab
879 3108 983 3170 illa
1026 3108 1383 3170 facultatem
1411 3127 1676 3188 suspen-

136 3197 291 3259 dendi
315 3219 493 3262 suum
514 3203 866 3276 influxum3
896 3220 1023 3264 non
1054 3221 1207 3283 ergo
1234 3203 1417 3264 facile
1450 3203 1675 3263 intelli-

137 3291 273 3368 gitur
296 3295 607 3371 quomodo
655 3297 847 3375 possit
886 3313 1029 3357 eam
1069 3297 1249 3374 quasi
1278 3313 1527 3375 cogere,
1562 3313 1673 3356 seu

136 3387 449 3447 necessario
460 3389 601 3449 trah
610 3407 721 3450 ere
742 3393 805 3450 ut
826 3407 1039 3450 secum
1054 3389 1465 3450 influat.Deus
1481 3389 1671 3461 enim,

137 3485 352 3556 propter
398 3481 715 3542 infinitam
750 3482 877 3546 vim
928 3482 1218 3555 activam,
1274 3490 1336 3544 et
1384 3483 1531 3563 quia
1582 3487 1678 3544 est

133 3577 317 3634 auctor
341 3579 399 3634 et
413 3575 719 3636 dominus
736 3577 1097 3649 voluntatis,
1122 3577 1314 3638 habet
1336 3578 1501 3638 hane
1524 3578 1673 3648 vim,

134 3667 189 3720 ut
214 3682 315 3724 sua
338 3668 661 3730 voluntate
688 3670 921 3730 efficaci
944 3670 1134 3748 possit
1162 3675 1437 3731 creatam
1460 3668 1676 3730 volun-

132 3759 295 3817 tatem
322 3760 405 3820 sic
423 3779 721 3834 movere;
743 3768 979 3834 tamen,
1010 3762 1179 3842 quod
1209 3769 1417 3823 creata
1448 3763 1677 3823 entitas

135 3849 307 3912 solum
344 3853 695 3916 formaliter
724 3856 1001 3916 afficiens
1028 3856 1412 3917 voluntatem
1442 3856 1677 3917 habere

134 3944 297 4018 possit
336 3953 569 4010 tantam
598 3947 729 4008 vim
756 3949 819 4008 in
838 3949 1035 4022 illam,
1072 3967 1189 4011 nec
1222 3949 1403 4010 facile
1428 3949 1679 4028 probari

135 4042 327 4112 potest,
358 4059 473 4102 uec
518 4042 679 4102 satis
714 4041 997 4121 intelligi.
1040 4042 1185 4115 Sed,
1228 4042 1533 4122 quidquid
1576 4041 1675 4115 sit,

138 4145 201 4188 an
237 4133 364 4194 talis
411 4153 513 4196 res
566 4137 653 4197 sit
703 4135 1039 4213 possibilis,
1080 4143 1317 4208 tamen,
1362 4135 1535 4214 quod
1571 4135 1681 4195 illa

138 4223 327 4296 posita,
366 4233 427 4288 et
452 4229 537 4290 ab
566 4230 925 4290 extrinseco
955 4228 1148 4290 indita
1191 4228 1518 4299 voluntati,
1550 4245 1681 4288 non

136 4313 287 4376 aliter
330 4322 520 4398 possit
559 4340 709 4384 eam
756 4321 1175 4384 determinare
1204 4322 1285 4382 ad
1316 4320 1679 4382 exercitium

138 4414 307 4485 actus,
348 4431 533 4492 qnam
578 4416 1023 4477 necessitando
1064 4416 1259 4488 illam,
1302 4414 1559 4475 evidens
1594 4415 1679 4474 vi-

134 4499 291 4565 detur
326 4525 459 4570 esse
484 4507 837 4572 rationibus
862 4508 1065 4570 factis.

222 4651 590 4722 Auctor-itate
617 4659 1035 4740 comprobatur
1069 4639 1270 4722 cadim
1296 4659 1575 4722 assertio.

206 4795 258 4854 9.
298 4797 685 4859 Desiderabit
726 4804 936 4859 autem
965 4797 1191 4876 aliquis
1218 4802 1287 4858 ut
1332 4797 1453 4857 hoc
1490 4797 1681 4858 etiam

142 4890 473 4952 auctoritate
524 4890 997 4964 confirmemus,
1051 4891 1163 4952 sed
1210 4891 1291 4951 de
1348 4890 1678 4950 autoritate

142 4981 393 5057 negativa
418 4983 549 5062 jam
568 4985 719 5046 satis
743 4985 1039 5058 diximus,
1064 4990 1127 5045 et
1149 5001 1339 5062 quam
1367 4983 1444 5044 sit
1460 4983 1684 5044 efficax

140 5068 191 5129 in
218 5074 325 5136 hac
352 5079 638 5153 moeria.
680 5079 939 5150 RursuS,
972 5077 1143 5158 quod
1170 5077 1311 5138 talis
1339 5077 1683 5157 praedeter-

138 5165 367 5230 minatio
397 5171 778 5233 antecedens
806 5179 1118 5251 repugnet
1140 5171 1433 5244 libertati,
1477 5171 1538 5230 in
1570 5188 1683 5249 ge-

140 5275 269 5320 nere
297 5269 615 5326 ostensum
666 5272 759 5327 est
786 5285 867 5327 ex
896 5265 1181 5327 Patribus
1224 5271 1285 5326 et
1313 5265 1681 5326 Doctoribus

144 5349 531 5429 Scholasticis,
548 5358 687 5431 lib„
720 5379 860 5439 cap.
885 5362 983 5433 15,
1016 5365 1078 5420 et
1108 5360 1171 5419 in
1196 5360 1399 5438 capite
1421 5375 1684 5437 sequen·

142 5442 179 5502 ti
200 5447 389 5527 aliqua
412 5451 743 5525 addemus,
772 5471 915 5533 quoe
936 5459 1131 5514 totam
1156 5454 1319 5513 hanc
1339 5451 1685 5514 doctrinam

144 5542 508 5604 confirmant.
563 5547 679 5606 Hic
710 5546 1063 5627 expendam
1112 5546 1341 5607 iterum
1380 5545 1687 5606 definitio·

1746 783 1808 838 et
1850 776 2186 837 excitatum
2212 774 2298 833 ita
2321 789 2512 852 agere
2541 778 2604 833 et
2625 772 2950 851 cooperari
2991 771 3145 833 dum
3168 790 3318 832 con-

1747 869 1954 941 sentit,
1973 873 2046 932 at
2059 864 2258 949 possit
2280 864 2620 929 dissentire.
2639 864 2698 927 .ςί
2717 864 2884 928 volit.
2905 866 2996 924 Ex
3021 865 3140 925 hac
3161 883 3314 945 ergo

1745 962 2028 1043 generali
2071 959 2458 1032 definitione,
2505 958 2570 1019 in
2607 958 2898 1038 proesenti
2935 958 3308 1036 colligimus,

1744 1058 2128 1118 voluntatem
2153 1060 2430 1116 nostram
2459 1059 2697 1114 motam
2721 1054 2840 1114 hoc
2863 1052 3092 1113 auxilio
3121 1052 3317 1131 (quod

1746 1151 2070 1231 physicam
2097 1147 2568 1228 praemotionem
2587 1146 2692 1207 vel
2717 1145 3316 1227 praedeterminatio-

1744 1262 1895 1305 nem
1934 1243 2184 1321 vocant)
2217 1241 2317 1301 vel
2345 1258 2530 1320 posse
2559 1240 2648 1300 illi
2677 1256 3032 1319 repugnare
3062 1238 3112 1298 si
3139 1238 3310 1310 velit,

1746 1336 1911 1397 etita
1932 1353 2061 1396 non
2081 1332 2613 1414 proedeterminati
2633 1332 2715 1392 ab
2743 1331 2848 1392 illo
2869 1330 3126 1410 physice
3145 1349 3161 1402 ;
3187 1330 3310 1404 vel,

1748 1428 1799 1489 si
1822 1444 2178 1509 repugnare
2198 1444 2328 1487 non
2355 1426 2571 1505 possit,
2597 1442 2728 1485 non
2755 1440 3012 1484 manere
3050 1422 3314 1483 liberam

1746 1522 1959 1603 quoad
2001 1539 2210 1581 usum.
2263 1521 2394 1580 Hoc
2423 1526 2635 1581 autem
2663 1516 3088 1579 testimonium
3113 1516 3314 1577 trihus

1744 1614 1948 1676 modis
1973 1613 2147 1674 illudi
2167 1613 2328 1673 solet
2345 1613 2426 1674 ab
2453 1612 2812 1673 auctoribus
2827 1610 3153 1672 contrariae
3176 1627 3315 1671 sen·

1744 1708 1980 1782 teutiae‚
2014 1726 2172 1787 quos
2201 1707 2431 1786 partim
2464 1706 2583 1767 hoc
2613 1705 2795 1777 libr0‚
2827 1722 2965 1783 cap.
2995 1705 3058 1777 9,
3086 1703 3314 1782 partim

1744 1802 1852 1863 lib.
1904 1805 1962 1875 1,
2013 1818 2149 1881 cap.
2205 1802 2304 1876 10,
2345 1799 2496 1860 satis
2530 1798 2622 1877 (ut
2663 1798 2969 1877 existimo)
3019 1795 3316 1858 refutavi·

1744 1912 1908 1955 mus.

1829 1989 1927 2051 10.
1957 1984 2212 2051 Eva-cio.
2247 2016 2332 2033 —
2359 1986 2568 2048 Potest
2595 1990 2810 2047 tamen
2835 2004 2873 2047 a
2907 1985 3088 2047 nobis
3131 1998 3314 2045 exco-

1748 2083 1932 2164 gitari
1957 2082 2117 2143 alius
2143 2079 2568 2159 respondendi
2584 2079 2836 2155 moduS‚
2856 2096 3046 2159 quem
3059 2079 3125 2139 in
3146 2080 3316 2139 hunc

1746 2178 1955 2239 locum
2005 2173 2264 2247 distuli„
2293 2173 2590 2253 quoniam
2637 2172 2726 2233 illi
2763 2176 2860 2235 est
2899 2173 3170 2234 maxime
3215 2190 3316 2232 ac-

1748 2268 2205 2331 commodatus.
2241 2266 2374 2327 Dici
2417 2284 2570 2347 ergo
2601 2272 2808 2346 potest
2853 2264 3192 2328 Concilium
3215 2284 3318 2326 so·

1747 2365 1879 2424 lum
1910 2362 2084 2443 loqui
2111 2361 2188 2423 de
2233 2362 2450 2441 gratiae
2481 2361 2804 2423 excitantis
2829 2362 3142 2433 motione;
3195 2362 3318 2421 hoc

1748 2462 1962 2517 autem
1993 2454 2316 2529 auxilium,
2349 2453 2520 2533 quod
2551 2454 2776 2516 dicitur
2807 2472 2887 2515 ex
2911 2472 2978 2515 se
3009 2454 3226 2514 efficax
3255 2455 3320 2513 et

1748 2550 2306 2629 praedeterminans
2324 2547 2582 2627 physice
2596 2548 3006 2621 voluntatem,
3036 2564 3165 2607 non
3181 2564 3320 2626 per·

1748 2644 1950 2706 tinere
1977 2644 2060 2704 ad
2080 2641 2344 2723 gratiam
2363 2640 2760 2715 excitantem,
2789 2640 2902 2703 sed
2915 2641 2997 2701 ad
3015 2639 3118 2720 adj
3125 2657 3322 2700 uvan-

1751 2744 1880 2799 tem
1908 2738 2136 2816 potiuS‚
2171 2740 2234 2796 et
2277 2734 2420 2796 ideo
2465 2752 2726 2796 necesse
2753 2752 2884 2795 non
2923 2750 3063 2795 esse
3095 2739 3165 2794 ut
3201 2731 3320 2793 sub

1753 2830 2116 2893 definitione
2173 2828 2426 2890 Concilii
2477 2827 3068 2907 comprehendatur.
3147 2825 3322 2887 Prior

1752 2942 1900 3004 pars
1929 2922 2278 2984 ostenditur
2305 2939 2381 2983 ex
2409 2921 2528 2982 illis
2545 2922 2776 2994 verbis,
2808 2937 2946 2999 cap.
2979 2921 3051 2981 5:
3091 2917 3322 3001 Quippe

1754 3018 1859 3100 qui
1880 3017 2058 3079 illam
2082 3022 2141 3079 ct
2163 3016 2420 3096 abjicere
2438 3020 2657 3096 potest,
2689 3015 2946 3089 seilicet,
2967 3014 3318 3095 impio-atio·

1753 3129 1881 3174 nem
1906 3116 1968 3174 et
1999 3106 2527 3182 illuminationem,
2559 3108 2638 3170 de
2667 3108 2764 3170 his
2794 3108 2962 3169 enim
2985 3107 3192 3169 fuerat
3229 3105 3324 3166 lo-

1756 3209 1992 3276 cutum,
2027 3220 2262 3282 easque
2291 3203 2458 3264 inter
2479 3203 2712 3280 gratias
2740 3203 3080 3265 excitantes
3103 3217 3326 3261 nume·
3369 3203 3380 3213 “

1755 3302 2004 3359 raverat
2029 3295 2150 3356 illis
2171 3295 2378 3356 verbis
2402 3317 2414 3358 :
2447 3296 2531 3360 Ut
2545 3297 2638 3360 ita
2665 3301 2944 3379 tanymte
2958 3295 3080 3357 Deo
3107 3311 3210 3358 cor
3227 3295 3326 3356 1ιο-

1754 3389 1940 3453 mim‘s
1957 3408 2072 3471 per
2102 3388 2382 3474 Spiritus
2398 3388 2621 3453 Sancti
2645 3387 3169 3460 illuminationem,
3203 3391 3320 3448 etc.

1756 3485 2040 3563 Denique
2072 3483 2140 3544 in
2171 3499 2312 3543 can.
2345 3485 2386 3543 4
2421 3483 2528 3556 ait,
2575 3481 2830 3544 liberm»
2865 3481 3121 3544 hominis
3165 3480 3330 3542 arbi-

1759 3580 1950 3640 trium
1973 3595 2011 3640 a
2035 3578 2160 3639 Deo
2187 3581 2416 3638 motum
2443 3589 2500 3638 ct
2531 3576 2861 3639 actitatum
2893 3591 3072 3656 posse
3097 3573 3328 3636 dissen-

1759 3673 1895 3742 tire,
1943 3671 2054 3731 ubi
2082 3672 2250 3750 quod
2279 3671 2542 3732 dixerat.
2575 3673 2824 3740 motum,
2856 3669 3077 3729 limitat
3112 3685 3226 3746 per
3254 3665 3328 3726 il—

1758 3764 1867 3825 lud
1894 3765 2063 3844 quod
2088 3763 2314 3836 subdit,
2343 3765 2672 3828 actitatum
2689 3787 2716 3833 ,·
2734 3763 2936 3824 solum
2957 3779 3109 3842 ergo
3131 3761 3328 3838 loqui-

1758 3866 1863 3920 tur
1889 3858 1970 3920 de
2014 3858 2290 3919 motione
2335 3875 2450 3936 per
2489 3857 2949 3927 excitationem,
2997 3873 3138 3915 cum
3185 3852 3328 3913 dicit

1760 3953 2029 4014 liberum
2065 3951 2396 4011 arbitrium
2433 3967 2618 4028 posse
2647 3949 2731 4009 illi
2773 3950 3084 4010 resistere.
3121 3947 3329 4007 Altera

1762 4052 1972 4107 autem
2025 4063 2172 4124 pars
2204 4089 2219 4117 ‚
2280 4042 2514 4104 scilicet
2539 4089 2553 4116 ‚
2615 4041 3329 4123 praedeterminationem

1762 4141 1924 4200 hanc
1950 4156 2080 4199 non
2107 4137 2418 4216 pertinere
2451 4135 2530 4196 ad
2559 4135 2931 4196 excitantem
2959 4133 3324 4206 motionem,

1760 4251 1875 4312 per
1894 4250 1960 4292 se
1989 4237 2134 4292 nota
2157 4235 2251 4291 est
2272 4248 2288 4302 ;
2314 4229 2460 4309 quia
2489 4227 2776 4289 excitatio
2799 4233 2894 4288 est
2912 4227 3138 4306 aliquis
3153 4231 3330 4286 actus

1759 4325 1962 4386 vitalis
1985 4323 2256 4384 hominis
2279 4323 2548 4402 praevius
2577 4322 2656 4382 ad
2684 4339 3058 4382 consensum
3093 4337 3172 4380 ex
3199 4337 3330 4380 om-

1759 4421 1933 4480 nium
1983 4418 2316 4488 sententia,
2349 4422 2630 4495 utsupra
2661 4415 3034 4494 explicatum
3064 4417 3192 4486 est3
3216 4430 3332 4472 un-

1758 4513 1862 4586 de,
1897 4518 2199 4592 quantum
2225 4515 2321 4571 est
2341 4527 2417 4570 ex
2443 4527 2532 4582 se,
2567 4515 2770 4588 potest
2789 4515 3071 4586 tempore
3097 4523 3332 4585 praece-

1762 4607 1911 4668 dere
1950 4621 2359 4676 consensum;
2412 4604 2532 4664 hoc
2570 4607 2782 4663 autem
2832 4600 3130 4662 auxilium
3173 4617 3334 4679 prae-

1762 4717 2046 4772 movens‚
2093 4717 2212 4760 nec
2242 4703 2336 4758 est
2361 4694 2724 4769 actus'vitae,
2761 4713 2876 4756 nec
2903 4701 3188 4772 tempore
3223 4711 3335 4753 an-

1760 4793 2058 4854 tecedens
2084 4809 2484 4862 consensum,
2513 4789 2624 4850 sed
2649 4794 2873 4849 natura
2891 4793 3168 4860 tantum;
3201 4803 3334 4846 non

1764 4891 1857 4947 est
1886 4905 2038 4965 ergo
2079 4901 2338 4948 necesse
2373 4883 2494 4944 tale
2541 4883 2842 4943 auxilium
2885 4879 3334 4960 comprehendi

1764 4981 1881 5042 sub
1927 4979 2288 5040 definitione
2341 4977 2616 5038 Concilii.
2666 4975 2842 5039 Unde
2875 4975 3170 5036 auxilium
3215 4975 3334 5033 hoc

1762 5073 2078 5154 pertinere
2125 5072 2330 5152 potius
2360 5071 2586 5132 dicitur
2627 5069 2708 5129 ad
2745 5068 3150 5148 adjuvantem
3195 5085 3334 5146 gra-

1760 5169 1934 5235 tiam,
1979 5168 2126 5245 quia
2169 5183 2283 5245 per
2323 5164 2476 5226 illud
2512 5164 2680 5225 Deus
2719 5162 2976 5242 adjuvat
3009 5160 3334 5221 hominem

1768 5261 1847 5322 ad
1862 5261 2126 5322 liberum
2150 5275 2525 5320 consensum
2543 5256 2968 5337 praestandum
2988 5274 3004 5328 3
3031 5257 3094 5314 et
3111 5270 3335 5330 quam-

1770 5356 1857 5416 vis
1884 5359 2070 5434 prout
2099 5372 2136 5414 a
2165 5353 2298 5413 solo
2325 5352 2454 5412 Deo
2475 5349 2821 5410 infunditur
2845 5348 3040 5428 possit
3055 5345 3172 5406 dici
3195 5361 3336 5422 gra·-

1766 5449 1850 5510 tia
1901 5465 2194 5528 operans,
2237 5463 2366 5506 non
2395 5451 2612 5506 tamen
2641 5445 2894 5523 proprie
2923 5441 3220 5510 excitans,
3253 5437 3334 5498 de

1767 5559 1893 5622 qua
1922 5543 2056 5602 sola
2081 5538 2420 5602 Concilium
2453 5537 2726 5598 locutum
2759 5541 2872 5595 est.
