3850 6225
572 379 689 438 162

572 483 729 560 ejuS,
770 499 844 542 eo
878 480 1143 542 libenter
1170 479 1632 559 amplectimur,
1662 495 1787 556 quo
1814 477 2002 536 etiam
2031 475 2137 536 de-

574 575 804 636 serviat
840 579 910 634 ut
950 573 1298 634 evidentius
1330 577 1594 643 constet,
1626 575 1934 648 quantum
1963 587 2000 628 a
2027 568 2138 628 Pe-

572 665 969 745 lagianorum
1000 671 1063 727 et
1087 666 1731 744 semipelagianorum
1763 661 2044 722 doctrina
2071 663 2137 719 in

572 760 857 820 discursu
896 766 957 820 et
987 777 1323 839 progressu
1342 759 1530 836 hujus
1564 755 1911 827 sententiaa,
1945 770 2137 832 quam

572 853 837 914 fundare
868 852 1267 923 intendimus,
1290 851 1677 912 recedamus
1700 849 1789 910 Sit
1814 865 1966 926 ergo
1992 864 2140 907 con-

577 952 748 1006 stans
788 948 849 1005 et
887 950 1149 1018 certum,
1184 945 1263 1004 ad
1293 941 1801 1023 supernaturales
1826 946 2003 1001 actus
2031 957 2139 1000 ne-

578 1038 919 1098 cessarium
959 1055 1097 1098 esse
1150 1037 1449 1098 auxilium
1498 1029 1715 1115 gratioe
1768 1039 2138 1113 supernatu-

576 1131 707 1192 rale
734 1135 797 1192 et
823 1133 1180 1210 gratuitum.

1150 1359 1401 1424 CAPUT
1440 1359 1539 1421 111.

580 1579 869 1626 Auxultm
916 1578 1151 1624 GRATIAE
1205 1579 1317 1624 PER
1370 1577 1575 1623 Momm
1626 1575 1952 1622 CONGURSUS
1997 1575 2140 1622 sss!

698 1671 1105 1719 NECESSARIUM
1140 1673 1221 1718 AD
1246 1670 1434 1718 Ac‘rUs
1474 1669 2032 1718 SUPERNATURALES.

665 1877 723 1935 1.
769 1870 1098 1934 Awiliwm
1126 1873 1351 1954 ,παιδίω
1364 1869 1684 1952 dupliciter
1712 1869 2141 1932 necessarium.

580 1998 663 2012 -
690 1965 1009 2044 Explicata
1036 1964 1409 2026 necessitate
1455 1961 1948 2042 supernaturalis
1977 1957 2148 2022 auxi·

584 2060 673 2134 lii,
706 2064 775 2118 ut
804 2057 887 2118 ad
918 2063 1221 2136 punctum
1240 2057 1623 2136 praecipuum
1642 2061 1870 2116 nostroe
1898 2060 2149 2115 contro·-

586 2151 803 2212 versiae
826 2150 1289 2230 perveniamus,
1327 2147 1699 2228 inquirendo
1714 2165 1799 2207 an
1826 2148 1905 2208 sit
1931 2163 2150 2208 neces-

588 2244 821 2304 sarium
851 2243 951 2304 vel
978 2243 1269 2321 possibile
1296 2242 1551 2321 aliquod
1582 2241 1883 2302 auxilium
1912 2239 2150 2319 praede-

587 2337 931 2398 terminans
968 2337 1227 2416 physice
1272 2337 1658 2396 voluntatem
1690 2334 1773 2396 ad
1814 2335 1932 2394 hos
1975 2337 2150 2393 actus

588 2431 819 2492 liberos
848 2430 1379 2509 supernaturales,
1412 2431 1659 2508 oportet
1696 2427 1869 2488 varia
1914 2432 2150 2504 genera

590 2525 817 2584 horum
857 2522 1231 2582 auxiliorum
1256 2522 1662 2601 distinguere,
1712 2527 1773 2581 et
1796 2520 1859 2580 in
1890 2518 2150 2598 singulis

588 2615 713 2678 hoc
748 2617 1105 2695 explanare.
1141 2615 1448 2693 Principio
1491 2616 1685 2694 igitur
1722 2613 1912 2674 dividi
1947 2617 2154 2692 potest

590 2711 713 2772 hoc
744 2709 1065 2780 auxilium,
1100 2709 1163 2769 in
1192 2708 1346 2769 illud
1376 2708 1546 2786 quod
1600 2713 1697 2768 est
1726 2706 2154 2768 necessarium

591 2821 707 2883 per
732 2803 989 2863 modum
1027 2819 1391 2874 concursuS,
1418 2801 1516 2860 vel
1556 2818 1671 2879 per
1696 2798 1960 2860 modum
1988 2798 2159 2877 prin-

594 2897 737 2975 cipii
764 2914 779 2955 :
824 2894 1058 2974 duplici
1090 2895 1259 2954 enim
1279 2893 1457 2957 titulo
1478 2898 1683 2972 potest
1710 2893 1829 2954 hoc
1856 2891 2158 2952 auxilium

597 3007 735 3050 esse
760 2986 1188 3048 necessarium
1216 3006 1229 3048 :
1264 2987 1489 3064 primo,
1508 3003 1585 3046 ex
1606 2984 1885 3064 generali
1913 2984 2156 3046 ratione

596 3081 873 3143 omnium
920 3097 1136 3141 rerum
1190 3085 1588 3151 creatarum;
1630 3083 1727 3139 est
1758 3077 1927 3140 enim
1979 3083 2157 3139 actus

598 3174 1091 3253 supernaturalis
1144 3170 1257 3233 e'ns
1310 3190 1423 3251 per
1470 3172 2008 3251 participationem
2033 3217 2048 3244 ‚
2097 3176 2160 3233 et

599 3270 716 3329 hac
754 3269 995 3329 ratione
1026 3266 1265 3345 indiget
1292 3265 1519 3327 actuali
1574 3272 1635 3325 et
1679 3264 2040 3325 immediato
2069 3264 2160 3325 in-

599 3362 773 3421 fluxu
796 3360 907 3421 Dei
938 3366 1004 3419 ut
1029 3359 1171 3428 fian
1204 3356 1369 3419 unde
1398 3375 1660 3418 necesse
1688 3364 1783 3418 est
1812 3362 1877 3417 ut
1904 3357 2010 3418 illa
2059 3374 2162 3419 ae-

599 3455 709 3525 tio,
740 3470 853 3539 per
874 3470 1065 3531 quam
1090 3458 1303 3513 nostra
1330 3450 1619 3513 voluntas
1636 3451 1803 3513 elicit
1837 3451 2031 3512 talem
2059 3469 2165 3512 ac-

603 3554 761 3619 tum,
797 3549 875 3606 sit
906 3546 1099 3607 etiam
1124 3545 1285 3605 actio
1322 3546 1459 3618 Dei,
1496 3552 1566 3606 ut
1596 3562 1674 3605 ex
1716 3545 1996 3607 tractatis
2031 3545 2094 3605 in
2127 3546 2157 3605 1

602 3640 739 3711 lib„
772 3657 907 3719 cap.
938 3642 1001 3711 4,
1032 3640 1183 3701 satis
1216 3638 1551 3717 probatum
1602 3638 1996 3717 relinquitur.
2051 3639 2164 3699 Se-

604 3731 811 3792 cundo
832 3777 847 3805 ,
907 3738 1002 3793 est
1029 3732 1324 3791 auxilium
1354 3732 1566 3811 gratiae
1619 3731 2046 3793 necessarium
2087 3730 2168 3791 ob

606 3824 941 3904 specialem
968 3824 1277 3886 rationem
1320 3825 1540 3885 talium
1584 3831 1863 3897 actuum,
1900 3825 2048 3903 quia
2078 3823 2171 3884 ni-

608 3919 839 3978 mirum
880 3918 1193 3979 excellunt
1216 3917 1343 3979 vim
1370 3918 1743 3991 effectivam,
1777 3936 1968 3996 quam
1988 3916 2172 3977 intel-

608 4011 807 4072 lectus
850 4017 912 4071 et
956 4011 1242 4072 voluntas
1278 4016 1486 4072 creata
1525 4010 1763 4072 habent
1820 4030 1899 4071 ex
1945 4014 2170 4071 natura

610 4122 727 4165 sua
754 4102 835 4165 ad
878 4104 1311 4183 operandum;
1342 4122 1471 4165 non
1500 4105 1669 4165 enim
1712 4104 2026 4185 attingunt
2069 4101 2168 4163 hae

609 4196 900 4276 potentiae
934 4197 1364 4257 excellentiam
1406 4197 1632 4257 horum
1661 4202 1917 4257 actuum
1945 4215 1958 4257 z
2003 4202 2066 4258 et
2093 4213 2172 4256 ex

612 4291 730 4351 hac
760 4295 936 4368 parte
985 4290 1413 4351 necessarium
1454 4296 1550 4351 est
1606 4289 1905 4349 auxilium
1959 4289 2174 4369 gratiae

616 4401 731 4462 per
772 4383 1031 4445 modum
1061 4382 1346 4463 principii
1364 4428 1380 4455 ‚
1412 4383 1479 4443 id
1506 4388 1625 4458 est,
1664 4384 1835 4462 quod
1864 4382 2180 4463 compleat

614 4476 987 4556 principium
1014 4486 1238 4556 potens
1268 4477 1515 4537 efficere
1542 4475 1701 4537 tales
1728 4482 1936 4539 actus:
1965 4482 2030 4539 et
2059 4477 2180 4539 hoc

615 4567 804 4629 modo
834 4572 929 4629 est
964 4568 1094 4629 haec
1121 4569 1341 4631 divisio
1370 4587 1664 4647 expressa
1720 4570 1792 4630 D.
1821 4570 2078 4631 Thomas
2113 4573 2173 4631 1.

616 4662 679 4733 2,
708 4666 925 4741 quaest.
963 4662 1099 4733 109,
1137 4661 1481 4740 praesertim
1508 4661 1575 4722 in
1608 4662 1920 4740 prioribus
1950 4664 2180 4724 articu-

616 4754 714 4827 lis,
747 4755 909 4815 circa
934 4770 1125 4832 quam
1148 4772 1349 4833 pauca
1378 4754 1713 4817 observare
1741 4762 2010 4836 oportet,
2034 4774 2176 4835 quae

625 4846 709 4907 ad
760 4846 1231 4925 intelligendam
1274 4848 1621 4921 veritatem,
1662 4866 1853 4927 quam
1910 4850 2180 4912 intendi-

620 4958 764 5000 mus
790 4938 1245 5013 demonstrare‚
1276 4940 1543 5001 multum
1566 4942 1897 5020 juvabunt.

698 5034 759 5093 2.
812 5030 1149 5096 Concursus
1181 5033 1403 5113 qratioe
1448 5038 1606 5097 recte
1634 5032 1940 5097 ancilium
1979 5034 2179 5115 appel·

618 5125 810 5189 lawr.
850 5158 930 5172 --
963 5126 1135 5187 Circa
1188 5126 1489 5186 auxilium
1542 5144 1695 5205 ergo
1740 5126 1911 5205 quod
1955 5126 2182 5189 dicitur

618 5237 733 5299 per
753 5218 1013 5279 modum
1044 5238 1407 5295 coucursuS,
1438 5218 1901 5281 observandum
1931 5227 2028 5281 est
2055 5220 2179 5299 pri·

620 5330 729 5373 mo
764 5358 779 5385 ,
830 5312 1113 5389 quamvis
1163 5312 1229 5371 in
1286 5330 1355 5373 re
1394 5312 1811 5373 certissimum
1844 5312 1923 5373 sit
1967 5330 2179 5375 neces·

622 5406 857 5465 sarium
886 5423 1023 5465 esse
1067 5404 1427 5483 hujusmodi
1458 5406 1792 5478 actualem,
1826 5406 2180 5483 proximum

622 5518 695 5561 ac
724 5499 1151 5561 immediatum
1202 5516 1577 5559 concursum
1604 5498 1713 5559 Dei
1744 5498 1825 5559 ad
1874 5506 2050 5562 actus
2079 5519 2179 5561 su-

1404 379 1615 432 OPUSC.
1652 380 1694 441 1,
1724 378 1843 429 LlB.
1878 378 1963 430 111.
2001 377 2080 428 DE
2111 376 2387 430 Annuus
2419 376 2650 430 nlvtNAE
2679 373 2948 428 GRATIAE.

2217 472 2671 552 pernaturales,
2713 470 2937 531 eadem
2963 467 3064 529 vel
3087 466 3306 545 majori
3351 466 3590 540 ratione,
3615 487 3701 546 qua

2215 567 2300 627 ad
2346 573 2602 628 caeteros
2647 571 2822 626 actus
2855 560 3248 622 necessarius
3279 567 3374 620 est
3427 563 3704 638 proportio-

2216 666 2404 722 natus
2431 678 2798 730 concursus,
2829 655 3168 718 nonnullos
3195 661 3432 727 tamen,
3458 653 3704 718 haerentes

2220 755 2285 815 in
2323 755 2602 825 nomine,
2631 753 2798 814 nolle
2843 752 3013 810 hunc
3051 763 3426 809 concursum
3473 748 3704 808 auxilium

2219 846 2566 927 appellare,
2595 845 2707 906 sed
2733 851 2978 906 tantum
3002 857 3410 910 concursum;
3443 839 3572 917 quia
3587 843 3706 900 auxi-

2217 941 2370 1000 lium
2387 939 2700 1020 significat
2711 955 2970 1000 causam
2981 941 3180 1010 actus,
3205 950 3532 995 concursus
3553 937 3707 994 autem

2217 1051 2346 1094 non
2377 1039 2470 1094 est
2499 1050 2714 1104 causa,
2745 1031 2856 1092 sed
2888 1030 3094 1110 potius
3121 1029 3390 1108 ipsemet
3421 1030 3595 1086 actus.
3623 1029 3709 1086 Au·
3776 1087 3778 1092 ,

2219 1127 2434 1188 xilium
2456 1125 2628 1187 enim
2647 1131 2742 1186 est
2767 1141 2893 1203 quo
2919 1123 3196 1203 potentia
3217 1121 3470 1200 juvatur
3485 1118 3558 1178 ad
3573 1137 3708 1196 agen-

2219 1219 2394 1280 dum.
2427 1219 2608 1281 Unde
2637 1235 2777 1280 esse
2816 1217 3006 1278 debet
3029 1214 3266 1294 aliquid
3305 1214 3372 1272 in
3393 1211 3522 1290 ipsa
3545 1219 3708 1288 poten-

2217 1314 2306 1374 tia
2337 1331 2452 1393 per
2477 1311 2736 1372 modum
2761 1317 2938 1372 actus
2986 1307 3192 1386 primi,
3217 1311 3280 1366 et
3323 1309 3709 1380 consequenter

2219 1412 2290 1468 ut
2321 1423 2512 1468 causa
2547 1412 2722 1466 actus
2743 1409 2805 1465 et
2825 1403 3000 1483 prius
3025 1401 3130 1461 illo
3150 1445 3172 1475 ,
3217 1395 3524 1458 interdum
3543 1403 3708 1456 natura

2217 1505 2486 1572 tantum,
2517 1497 2836 1559 interdum
2865 1496 3058 1557 etiam
3081 1497 3368 1571 tempore
3385 1534 3402 1562 ‚
3433 1495 3500 1549 ut
3521 1490 3710 1566 quando

2219 1593 2513 1656 voluntas
2555 1609 2685 1651 non
2731 1589 2865 1651 vult
2902 1588 2995 1649 uti
3034 1585 3262 1648 auxilio
3301 1583 3420 1644 sibi
3455 1583 3602 1642 dato.
3633 1582 3714 1644 Sed

2221 1703 2430 1764 neque
2463 1690 2558 1746 est
2597 1703 2709 1746 cur
2743 1683 3097 1744 hiel-eamus
3124 1679 3190 1740 in
3233 1694 3412 1748 voce,
3441 1692 3620 1752 neque
3642 1695 3715 1736 cur

2223 1780 2557 1842 timeamus
2585 1793 2960 1840 concursum
2999 1774 3166 1834 hunc
3218 1769 3514 1831 auxilium
3559 1769 3713 1847 appel-

2224 1873 2380 1945 lare,
2413 1889 2558 1932 cum
2597 1870 2784 1932 etiam
2813 1885 3155 1931 concursus
3190 1861 3502 1944 generalis
3523 1861 3582 1920 in
3603 1862 3713 1920 ordi·

2227 1985 2310 2028 ne
2343 1973 2582 2028 naturae
2619 1963 2924 2026 auxilium
2947 1961 3068 2024 dici
3097 1962 3322 2030 soleat,
3363 1975 3484 2034 quo
3505 1958 3640 2016 Deus
3651 1957 3713 2034 ju-

2227 2067 2334 2123 vat
2375 2077 2598 2121 causas
2637 2055 2947 2118 secundas
2987 2055 3070 2116 ad
3099 2050 3460 2115 efficiendas
3487 2051 3713 2116 actiones,

2229 2171 2388 2233 quas
2417 2171 2533 2232 per
2583 2171 2652 2214 se
2683 2151 2829 2212 solae
2875 2149 3086 2210 facere
3129 2165 3260 2208 non
3305 2149 3570 2224 possent.
3595 2143 3716 2203 Certe

2233 2247 2300 2306 D.
2331 2247 2606 2307 Thomas
2633 2248 2660 2304 1
2679 2291 2692 2304 .
2722 2246 2782 2314 2,
2815 2247 3034 2322 quaest.
3069 2242 3207 2310 109,
3239 2243 3362 2300 art.
3393 2240 3452 2308 1,
3475 2254 3598 2296 cum
3619 2236 3718 2294 dicit

2233 2339 2616 2401 intellectum
2638 2339 2986 2397 humanum
3016 2333 3298 2411 indigere
3331 2331 3550 2392 auxilio
3573 2329 3718 2390 divino

2234 2433 2316 2495 ad
2339 2449 2804 2512 quamcumque
2825 2429 3247 2509 cognitionem
3270 2425 3620 2488 naturalem,
3637 2439 3720 2480 nou

2233 2544 2383 2588 vero
2427 2523 2706 2602 indigere
2743 2522 3156 2582 illustratione
3195 2516 3610 2597 superaddita,
3643 2515 3721 2572 nisi

2235 2619 2318 2680 ad
2359 2616 2882 2696 supernaturalia,
2915 2613 3170 2675 nomine
3197 2611 3414 2672 auxilii
3435 2610 3574 2670 nihil
3607 2607 3724 2666 aliud

2237 2711 2530 2790 intelligit
2583 2709 2700 2770 nisi
2741 2706 3105 2788 generalem
3143 2720 3544 2772 concursum3
3580 2707 3628 2760 et
3659 2718 3727 2758 eo·

2237 2806 2382 2868 dem
2399 2823 2589 2866 sensu
2615 2804 2786 2878 dicit,
2815 2808 2934 2864 art.
2960 2803 3022 2874 Ξ,
3051 2807 3349 2860 naturam
3375 2799 3670 2858 humanam
3683 2795 3723 2852 in

2237 2915 2636 2978 quocumque
2668 2903 2834 2959 statu
2863 2895 3144 2973 indigere
3193 2891 3430 2954 auxilio
3465 2890 3642 2950 divino
3677 2886 3726 2944 ad

2235 2993 2601 3054 faciendum
2652 2991 2752 3050 vel
2806 2988 3146 3050 volendum
3197 2985 3617 3064 quodcumque
3657 2981 3727 3038 ho-

2237 3105 2415 3160 num,
2447 3085 2702 3157 scilicet,
2732 3083 2924 3145 etiam
2971 3079 3258 3142 naturale
3284 3098 3301 3150 ;
3357 3083 3422 3139 et
3459 3083 3566 3138 art.
3593 3076 3640 3141 3,
3673 3073 3729 3131 ait

2239 3182 2560 3242 hominem
2605 3180 2670 3240 in
2717 3182 2882 3238 statu
2931 3182 3173 3237 naturae
3219 3174 3484 3252 integroe
3519 3170 3726 3249 potuisse

2243 3274 2486 3353 operari
2525 3274 2749 3334 virtute
2776 3287 2904 3331 suae
2935 3275 3176 3331 naturoe
3201 3267 3465 3337 bonum,
3494 3263 3634 3342 quod
3667 3268 3727 3319 est

2243 3367 2358 3428 sibi
2414 3366 2820 3429 connaturale
2841 3409 2859 3437 ,
2915 3364 3154 3442 absque
3205 3360 3519 3422 additione
3544 3353 3726 3434 gratuiti

2243 3460 2416 3531 doni,
2449 3459 2590 3523 licet
2613 3476 2734 3521 mm
2767 3458 2982 3539 absque
3007 3455 3241 3519 cumdio
3257 3452 3378 3516 Dei
3395 3452 3668 3514 movmis,
3689 3446 3728 3503 id

2245 3562 2361 3627 est,
2391 3552 2820 3615 concurrentis
2847 3567 2990 3611 cum
3027 3548 3282 3611 homine
3323 3552 3397 3607 ut
3421 3544 3602 3624 prima
3631 3558 3730 3601 eau-

2249 3666 2318 3709 sa
2341 3666 2360 3720 3
2381 3648 2512 3727 jam
2543 3646 2711 3707 enim
2743 3662 2934 3724 supra
2960 3642 3272 3705 declaravi
3301 3658 3417 3701 cur
3441 3640 3510 3698 D.
3531 3638 3732 3697 Thomas

2249 3742 2422 3801 hunc
2469 3756 2848 3801 concursum
2897 3736 3242 3797 motionem
3287 3737 3505 3798 vocet,
3551 3736 3608 3789 ut
3649 3727 3737 3804 ejus

2253 3833 2656 3895 eminentiam
2685 3830 2937 3891 indicet.
2974 3828 3210 3889 Deinde
3225 3826 3290 3886 in
3315 3825 3552 3887 caeteris
3573 3820 3737 3889 causis,

2255 3932 2346 3999 ut,
2371 3925 2545 3986 verbi
2571 3923 2796 4002 gratia,
2837 3922 3001 3983 inter
3038 3919 3356 3988 homineS,
3389 3917 3595 3978 dicitur
3629 3928 3740 3971 unus

2255 4017 2538 4099 praebere
2575 4016 2876 4077 auxilium
2905 4014 3108 4087 alteri,
3155 4011 3412 4091 quando
3453 4026 3584 4071 eum
3618 4007 3742 4084 juvat

2257 4111 2340 4173 ad
2369 4110 2664 4171 eumdem
2691 4110 2982 4171 effectum
3007 4107 3106 4167 vel
3133 4102 3428 4167 eamdem
3467 4102 3736 4163 actionem:

2251 4210 2322 4265 ut
2350 4202 2602 4284 quando
2631 4220 2798 4263 unus
2823 4202 3014 4262 homo
3029 4200 3208 4278 juvat
3225 4198 3422 4257 alium
3451 4195 3526 4255 ad
3556 4186 3741 4267 aliquod

2257 4297 2504 4379 pondus
2551 4296 2884 4359 ferendum
2903 4338 2920 4369 ,
2955 4312 3121 4354 unus
3147 4292 3305 4353 nihil
3335 4290 3560 4352 confert
3597 4282 3737 4351 alten,

2259 4390 2431 4471 quod
2455 4390 2534 4451 sit
2561 4388 2936 4469 principium
2967 4386 3252 4459 actioniS,
3287 4384 3405 4445 sed
3429 4384 3660 4462 ipsemet
3675 4393 3741 4435 co-

2261 4483 2508 4563 agendo
2563 4482 2806 4561 praebet
2855 4478 3200 4551 auxilium;
3247 4494 3362 4537 sua
3393 4494 3536 4555 ergo
3566 4471 3742 4532 actione

2255 4578 2435 4657 juvat
2471 4576 2664 4637 alium
2691 4593 2706 4635 t
2741 4574 2846 4635 illa
2875 4590 3026 4653 ergo
3065 4577 3162 4633 est
3199 4570 3378 4649 quasi
3411 4565 3642 4629 formale
3671 4579 3742 4619 au-

2257 4670 2476 4730 xilium
2497 4689 2513 4743 ς
2533 4669 2616 4731 ad
2643 4669 2812 4730 hunc
2839 4682 2992 4746 ergo
3009 4665 3271 4727 modum
3299 4665 3466 4725 Deus
3489 4657 3746 4721 auxiliatur

2259 4763 2499 4825 homini
2550 4777 2930 4824 concurrens
2971 4776 3116 4819 cum
3168 4758 3308 4829 illo;
3359 4762 3424 4817 et
3455 4764 3742 4815 concumu-

2257 4872 2450 4935 quem
2485 4854 2743 4934 praebet,
2779 4860 2876 4915 est
2905 4850 3208 4913 auxilium
3235 4868 3363 4928 quo
3391 4850 3560 4927 juvat
3598 4838 3744 4901 homi-

2261 4966 2408 5009 nem
2453 4948 2536 5009 ad
2569 4948 2882 5009 effectum.
2934 4946 3072 5006 Non
3117 4950 3212 5005 est
3265 4960 3416 5022 ergo
3450 4952 3671 5000 necesso
3701 4932 3744 4987 ut

2261 5039 2560 5101 auxilium
2605 5039 2684 5133 sit
2723 5056 2914 5099 causa
2939 5044 3115 5098 actus
3141 5054 3258 5097 seu
3289 5035 3537 5096 effectus
3559 5022 3744 5108 proprie

2260 5139 2324 5194 et
2349 5134 2416 5193 in
2447 5133 2683 5212 rigore,
2705 5131 2822 5193 sed
2849 5131 2998 5191 satis
3023 5134 3120 5190 est
3150 5127 3322 5207 quod
3347 5126 3422 5187 sit
3445 5126 3540 5185 via
3573 5120 3638 5181 ad
3661 5124 3746 5175 ter-

2259 5228 2522 5299 minum,
2555 5244 2668 5286 seu
2719 5225 2880 5286 actio
2933 5222 3016 5285 ad
3047 5222 3374 5293 effectum
3411 5224 3471 5280 et
3493 5216 3618 5277 ideo
3658 5224 3746 5268 non
3780 5220 3781 5227 ’

2261 5324 2353 5379 est
2397 5319 2586 5379 etiam
2631 5318 2710 5379 de
2753 5318 2996 5378 ratione
3043 5315 3254 5376 auxilii
3277 5358 3292 5385 ,
3321 5311 3486 5392 qnod
3521 5310 3590 5368 sit
3621 5308 3745 5363 acius
3780 5376 3781 5379 Ἴ

2261 5410 2521 5488 primus,
2555 5416 2618 5471 et
2657 5410 2855 5471 multo
2905 5409 3114 5469 minus
3139 5414 3236 5469 est
3261 5405 3340 5466 de
3377 5403 3598 5465 ratione
3631 5396 3744 5471 ejus,

2261 5502 2430 5580 quod
2464 5502 2542 5563 sit
2571 5501 2934 5581 separabilis
2971 5501 3052 5561 ab
3079 5506 3224 5563 actu
3257 5496 3555 5565 secundo;
3581 5490 3646 5550 de
3665 5488 3746 5545 hoc
3780 5506 3781 5577 j
