3850 6225
475 344 594 407 298

952 350 1161 407 OPUSC.
1198 355 1267 417 11,
1304 356 1419 407 Lm.
1456 359 1495 410 1.
1541 358 1619 410 DE
1650 358 1974 411 ABSOLUTA
2009 359 2294 413 sclssNTm
2323 361 2629 413 FUTUROR.
2667 362 3188 417 coNTmGENTmH.

474 453 775 532 sequitur,
817 453 985 533 quod
1015 455 1065 515 si
1095 456 1231 516 haec
1260 456 1468 518 futura
1501 476 1631 518 non
1670 458 1904 519 hahent
1931 459 2036 519 de-

2119 461 2181 521 in
2212 480 2402 523 sensu
2441 462 2812 541 disjunctive
2843 471 2907 525 ct
2942 465 3394 539 determinat03
3435 474 3494 527 et
3526 468 3640 531 ideo

466 548 866 609 terminatam
912 550 1235 611 veritatem
1264 597 1279 624 ‚
1332 552 1639 631 judicium
1683 554 1761 615 de
1807 556 1925 615 illis
1967 561 2034 615 ut
2117 573 2244 615 non
2273 574 2410 617 esse
2441 558 2866 618 necessarium
2901 566 2972 619 ut
3013 559 3206 619 altera
3239 578 3390 638 pars
3424 560 3496 621 sit
3521 581 3640 625 vera

469 640 879 703 determinate
910 645 1073 703 veris
1116 645 1193 705 sit
1219 646 1445 707 falsum
1466 694 1482 721 ‚
1514 648 1659 725 quia
1690 666 1815 709 non
1848 649 2032 709 hahet

472 735 967 797 conformitatem
984 756 1125 798 cum
1142 740 1873 817 objecto.Nam,sactailla
1887 762 2030 821 sup-

466 829 797 908 positione,
822 830 991 908 quod
1020 833 1149 893 haec
1166 834 1501 913 propositio
1535 855 1547 895 ε
1584 836 2030 917 Petra-spacca-

469 924 577 995 bit,
603 942 731 983 non
758 930 852 985 est
882 925 1291 988 determinate
1316 946 1486 999 vera,
1507 930 1791 1008 judicare
1820 930 1899 991 de
1921 930 2028 990 illa

470 1018 533 1077 in
560 1024 701 1077 actu
732 1018 996 1097 signato,
1026 1020 1194 1098 quod
1214 1022 1293 1082 sit
1310 1022 1719 1083 determinate
1738 1042 1907 1095 vera,
1931 1030 2026 1085 est

468 1111 695 1171 salsum
717 1112 1046 1191 judicium3
1082 1133 1231 1194 ergo
1251 1116 1535 1195 judicare
1552 1117 1724 1177 illam
1748 1119 1936 1178 etiam
1967 1118 2030 1177 in

467 1210 612 1265 actu
649 1206 943 1275 exercito,
976 1216 1045 1269 ut
1076 1209 1357 1271 absolute
1390 1217 1452 1271 et
1480 1210 1893 1273 determinate
1922 1230 2030 1272 ve·

466 1312 622 1370 ram,
658 1298 775 1358 erit
798 1299 1025 1361 falsum
1048 1302 1351 1380 judicium
1379 1323 1394 1375 ;
1452 1303 1693 1364 nullum
1722 1322 1873 1384 ergo
1904 1303 2028 1365 tale

460 1390 763 1469 judicium
811 1392 1295 1457 determinatum
1334 1397 1567 1457 habere
1608 1398 1835 1477 poterit
1862 1399 2030 1459 Deus

467 1483 546 1545 de
582 1484 679 1544 his
704 1486 949 1549 futuris,
987 1489 1097 1549 Vel
1126 1508 1162 1551 e
1192 1508 1513 1562 converse,
1552 1490 1601 1551 si
1630 1490 1781 1552 illud
1812 1491 2025 1563 hahet,

465 1595 534 1649 ut
564 1605 783 1649 revera
810 1582 1041 1652 hahet:
1070 1584 1229 1644 sicut
1250 1584 1453 1663 ipsum
1477 1584 1783 1664 judicium
1808 1602 2030 1645 verum

468 1688 562 1743 est
594 1726 609 1753 ,
669 1680 750 1740 ita
797 1684 859 1739 et
898 1678 962 1737 in
1000 1676 1245 1755 objecto
1286 1677 1423 1755 ejus
1472 1684 1565 1739 est
1612 1677 2027 1739 determinata

461 1775 709 1837 veritas
768 1772 944 1836 Unde
969 1770 1211 1850 antiqui
1248 1772 1459 1833 Patres
1486 1816 1505 1847 ,
1548 1790 1707 1851 quos
1738 1772 2028 1832 infrare-

462 1868 759 1943 feremus‚
814 1866 987 1926 aiunt
1027 1866 1227 1925 Deum
1274 1865 1564 1943 praescire
1614 1867 1745 1926 hoec
1788 1865 2024 1937 futura,

465 1962 613 2041 quia
640 1962 743 2021 illa
769 1960 977 2021 futura
1005 1964 1187 2031 sunt3
1234 1958 1283 2017 si
1310 1976 1459 2037 ergo
1486 1958 1589 2017 illa
1621 1958 1827 2019 futura
1856 1964 2024 2029 sunt,

464 2053 804 2133 propositio
843 2052 1187 2113 enuncians
1228 2050 1331 2111 illa
1369 2069 1505 2112 esse
1547 2052 1786 2125 futura,
1826 2051 2030 2112 deter-

464 2146 699 2207 minate
728 2164 873 2207 vera
904 2150 1017 2207 est.
1045 2147 1225 2216 Nam,
1254 2162 1327 2205 ex
1358 2164 1433 2205 eo
1462 2146 1631 2219 quod
1660 2164 1761 2206 res
1788 2153 1902 2217 est,
1926 2146 2028 2206 vel

462 2258 589 2300 non
622 2246 714 2300 est
748 2285 763 2311 ‚
812 2239 1149 2319 propositio
1176 2256 1326 2299 vera
1360 2239 1459 2299 vel
1488 2240 1645 2300 falsa
1672 2246 1785 2300 est.
1822 2239 2029 2301 Idem-

464 2352 585 2411 que
617 2338 1053 2412 argumentum
1080 2332 1209 2403 fiet,
1240 2332 1385 2393 licet
1412 2351 1553 2393 cum
1586 2334 1720 2394 aliis
1748 2333 2020 2394 dicatur:

466 2426 595 2489 Hoc
634 2434 729 2488 est
771 2427 1073 2497 futurum,
1124 2426 1271 2505 quia
1298 2428 1465 2487 Deus
1496 2428 1665 2488 novit
1694 2445 1831 2487 esse
1860 2426 2028 2486 futu-

464 2538 640 2592 rum3
672 2538 819 2579 nam
848 2520 1069 2580 saltem
1092 2518 1237 2579 inde
1266 2518 1522 2579 habebit
1548 2519 2025 2579 determinatam

463 2612 789 2673 veritatem
811 2634 829 2687 3
862 2612 1021 2673 sicut
1048 2630 1199 2691 ergo
1225 2613 1481 2671 scientia
1508 2612 1618 2671 Dei
1646 2616 1881 2671 {eterna
1906 2618 2022 2683 est,

464 2705 548 2766 ita
570 2705 667 2767 hoe
703 2705 1161 2784 propositiones
1192 2704 1271 2765 ab
1298 2711 1527 2765 aeterno
1554 2705 1789 2766 habent
1817 2705 2023 2765 deter-

464 2800 765 2859 minatam
794 2800 1139 2861 veritatem.

542 2894 601 2954 8.
648 2893 822 2955 Idem
847 2893 1141 2971 probatur
1164 2892 1292 2955 alia
1316 2891 1567 2957 ratione.
1596 2924 1681 2939 -
1712 2893 2024 2953 Praeterea

462 2985 723 3047 ostendo
760 2984 895 3045 fieri
938 3003 1065 3045 non
1100 3004 1285 3064 posse
1326 2992 1397 3046 ut
1430 2986 1526 3045 hae
1566 2985 2024 3064 propositiones

462 3078 743 3140 absolute
770 3078 1052 3159 prolatae,
1085 3097 1203 3141 nec
1232 3080 1353 3140 sint
1382 3078 1789 3140 determinate
1819 3097 1982 3140 verae
2005 3126 2021 3152 ,

460 3193 576 3234 nec
618 3172 1030 3234 determinate
1073 3173 1264 3246 falsae,
1310 3173 1479 3250 quia,
1526 3174 1647 3234 hoc
1684 3174 1819 3252 ipso
1852 3175 2024 3253 quod

460 3273 727 3347 negatur
752 3286 889 3328 esse
912 3285 1093 3328 veras
1131 3267 1566 3342 determinate,
1606 3269 1887 3346 sequitur
1910 3287 2022 3328 ne-

460 3361 731 3422 cessario
762 3379 898 3421 esse
928 3361 1339 3422 determinate
1373 3359 1561 3420 falsas
1586 3405 1603 3432 ,
1651 3361 1700 3420 si
1731 3360 2026 3421 determi-

460 3459 605 3514 nate
646 3454 957 3515 affirmant
1000 3457 1131 3516 sore
1170 3455 1269 3516 vet
1316 3472 1441 3514 non
1476 3454 1609 3514 fore
1656 3455 1825 3533 quod
1866 3473 2024 3516 non-

458 3545 611 3606 dum
654 3552 749 3607 est
788 3546 1201 3608 determinate
1246 3547 1525 3608 futurum
1556 3593 1571 3618 ,
1618 3548 1717 3607 vel
1756 3564 1883 3609 non
1924 3549 2022 3608 fu·-

461 3644 699 3700 turum:
749 3657 920 3712 nam,
970 3640 1019 3700 si
1062 3646 1228 3702 esset
1268 3640 1680 3700 determinate
1716 3640 2016 3712 futurum,

450 3731 587 3810 jam
626 3738 791 3794 esset
834 3751 981 3794 vera
1020 3733 1385 3813 propositi0.
1441 3734 1827 3811 Impossibile
1870 3753 2022 3794 vero

460 3831 553 3886 est
600 3843 819 3887 omnes
862 3827 974 3886 has
1020 3827 1477 3906 propositiones
1522 3826 1601 3888 de
1644 3827 1851 3888 futuro
1882 3845 2022 3887 esse

457 3919 867 3980 determinate
910 3919 1134 3994 151555,
1168 3925 1301 3980 tum
1341 3919 1485 3998 quia
1528 3920 1683 3980 alias
1719 3922 1885 3980 Deus
1922 3939 2021 3980 co-

458 4021 789 4093 gnosceret
833 4014 971 4074 illas
1012 4021 1081 4075 nt
1126 4014 1337 4084 falsaS‚
1370 4013 1539 4092 quod
1586 4034 1715 4075 non
1756 4015 1841 4076 ita
1881 4019 2014 4086 est;

454 4113 589 4166 tum
630 4107 819 4167 etiam
860 4107 1005 4186 quia
1046 4125 1225 4185 aeque
1260 4112 1451 4186 negat
1488 4107 1621 4186 ipse
1659 4108 2022 4169 Aristoteles

456 4201 571 4260 has
621 4201 1077 4279 propositiones
1122 4219 1259 4260 csse
1316 4201 1729 4262 determinate
1773 4201 1964 4262 falsas
1999 4221 2014 4272 ;

454 4299 590 4355 tum
617 4293 887 4372 denique
914 4295 1060 4373 quia
1090 4293 1151 4353 in
1176 4293 1296 4353 illis
1320 4294 1845 4373 propositionibus
1868 4294 2020 4354 dan-

456 4393 557 4448 tur
612 4387 1069 4466 propositiones
1136 4387 1611 4448 contradictorie
1666 4389 1965 4468 oppositae
1998 4435 2014 4461 ,

456 4497 596 4556 quse
620 4497 745 4539 non
774 4486 1037 4560 possunt
1056 4499 1193 4541 esse
1224 4480 1407 4540 simul
1430 4481 1621 4542 falsas.
1654 4481 1833 4544 Unde
1855 4482 2018 4543 Aris·

454 4573 677 4634 toteles
723 4591 911 4650 supra
956 4572 1187 4634 fatetur
1244 4574 1397 4634 iilud
1451 4574 1833 4653 disjunctum
1874 4593 2016 4635 esse

456 4684 697 4738 verum,
736 4672 797 4726 et
824 4667 1248 4728 necessarium
1282 4686 1295 4726 ε
1340 4667 1567 4732 Petrus
1591 4669 1878 4750 peccabit,
1922 4669 2018 4731 cel

456 4777 575 4822 nou
603 4761 887 4838 peccabit.
934 4761 1007 4819 Et
1042 4759 1467 4834 confirmatur,
1522 4763 1669 4840 quia
1707 4780 1875 4822 nune
1922 4767 2016 4822 est

456 4869 605 4912 vera
634 4852 766 4912 haec
796 4853 1133 4931 propositio
1159 4871 1172 4913 :
1204 4853 1431 4916 Petrus
1453 4855 1739 4934 peccabit,
1775 4855 1868 4917 vcl
1894 4873 2014 4916 non

450 4947 717 5025 peccabit
744 4963 901 5008 crac.
944 4947 1107 5025 Ergo
1137 4953 1230 5007 est
1256 4965 1409 5007 vera
1444 4947 1631 5007 hodie
1656 4949 1897 5008 ratione
1929 4949 2020 5008 al-

456 5039 649 5100 terius
698 5040 911 5117 partis,
958 5041 1107 5118 quia
1152 5039 1235 5100 ad
1276 5041 1599 5100 veritatem
1647 5040 2016 5119 disjunctive

455 5132 879 5192 necessarium
908 5140 1003 5194 est
1030 5137 1099 5193 ut
1128 5133 1323 5194 altera
1351 5151 1497 5211 pars
1526 5134 1605 5193 sit
1639 5151 1821 5206 vera;
1866 5151 2018 5212 ergo

456 5225 653 5286 altera
682 5226 930 5285 illarum
974 5226 1239 5305 partium
1269 5233 1363 5287 est
1402 5244 1569 5286 nunc
1609 5224 2018 5286 determinate

456 5335 608 5378 vera
632 5363 649 5390 ‚
690 5319 976 5397 quamvis
1014 5318 1277 5380 fortasse
1305 5337 1343 5378 a
1372 5317 1553 5378 nohis
1597 5318 1867 5379 discerni
1892 5337 2020 5378 non

458 5411 669 5490 possit.
720 5412 971 5474 Dicetur
1008 5413 1495 5492 propositionem
1526 5411 1696 5471 illam
1734 5429 1871 5472 esse
1911 5429 2023 5471 ve-

456 5523 594 5574 ram
636 5505 701 5566 in
742 5523 932 5567 sensu
960 5506 1269 5586 disjuncto
1298 5509 1361 5566 et
1396 5506 1677 5574 confuso,
1715 5523 1841 5566 non
1870 5523 2020 5568 vero

2115 647 2528 710 determinate
2557 696 2576 724 ,
2626 650 2739 711 sed
2767 652 2968 712 solum
2995 659 3066 712 ut
3093 652 3392 713 alterutra
3421 657 3638 717 confuse

2113 740 2320 801 futura
2351 743 2431 803 sit
2463 762 2636 819 vera,
2667 745 2837 823 quod
2867 763 2992 805 non
3019 753 3115 807 est
3143 746 3526 825 contingens„
3553 752 3640 811 scd

2110 836 2558 897 necessarium.
2611 838 2738 899 Sed
2780 842 2997 899 contra
3025 840 3148 899 hoc
3183 846 3276 900 est
3307 884 3323 911 ,
3371 841 3508 915 quia
3533 843 3642 903 haec

2109 928 2390 989 confusio
2417 934 2511 990 est
2537 949 2614 991 ex
2643 938 2820 1009 parte
2849 931 3220 1009 cognitionis
3245 940 3494 1003 nostrae,
3523 936 3640 1012 quia

2108 1021 2422 1083 nescimus
2465 1021 2880 1084 determinate
2930 1026 2993 1084 in
3049 1043 3180 1102 quo
3225 1026 3506 1086 membro
3543 1029 3644 1089 dis-

2106 1116 2398 1195 junctum
2427 1116 2580 1177 illud
2616 1117 3064 1178 verificandum
3096 1120 3207 1191 sit3
3261 1124 3470 1178 tamen
3505 1120 3558 1178 in
3593 1141 3644 1181 re

2113 1227 2241 1269 non
2272 1215 2478 1289 potest
2503 1228 2636 1271 non
2665 1228 2802 1271 esse
2832 1211 3343 1273 determinatum.

2193 1306 2252 1365 9.
2299 1304 2716 1368 Proecluditwr
2738 1309 2886 1386 faya
2909 1308 3202 1385 quoedam.
3243 1338 3330 1353 —·
3375 1306 3647 1385 chicitur

2111 1398 2240 1461 alia
2267 1401 2594 1477 respon-tic.
2651 1430 2729 1443 —
2779 1397 2956 1469 Quod
2997 1398 3261 1459 ulterius
3305 1398 3396 1459 sic
3429 1399 3644 1460 declaro

2111 1510 2188 1551 ex
2215 1510 2284 1551 re
2313 1492 2470 1571 ipsa,
2499 1491 2646 1569 quia
2675 1491 2930 1571 quando
2959 1510 3126 1553 nunc
3147 1492 3216 1553 fit
3245 1492 3504 1554 effectus
3531 1511 3648 1552 con-

2107 1586 2382 1665 tingens,
2407 1586 2580 1647 verbi
2615 1585 2814 1664 gratia
2845 1604 2858 1645 :
2891 1586 3108 1645 Petrus
3133 1590 3381 1663 peccat,
3409 1586 3646 1647 ostendi-

2108 1684 2210 1739 tur
2237 1678 2725 1757 propositionem
2761 1684 2947 1738 antea
2983 1679 3294 1757 prolatam
3341 1678 3420 1738 de
3447 1679 3548 1738 tati
3571 1680 3648 1738 fu-

2107 1776 2250 1831 turo
2277 1771 2470 1831 fuisse
2499 1790 2711 1831 veram
2737 1788 2756 1849 ;
2803 1790 2954 1851 ergo
2983 1778 3172 1833 antea
3201 1772 3400 1833 etiam
3429 1771 3534 1833 fuit
3559 1772 3647 1833 de-

2109 1865 2439 1925 terminate
2470 1882 2616 1925 vera
2639 1910 2660 1940 ,
2707 1872 2768 1925 et
2795 1864 2876 1925 ab
2903 1870 3138 1925 aeterno
3165 1864 3282 1925 fuit
3305 1865 3446 1925 talis
3472 1885 3487 1937 ;
3527 1884 3646 1925 nam

2111 1958 2334 2019 eadem
2363 1964 2458 2019 est
2493 1959 2650 2019 ratio
2679 1958 2758 2018 de
2785 1964 2916 2019 toto
2947 1964 3226 2037 tempore
3255 1959 3643 2037 praecedente.

2111 2052 2570 2129 Consequentia
2595 2056 2786 2131 patet,
2809 2051 2978 2130 quia,
3007 2058 3076 2111 ut
3103 2052 3348 2113 dictum
3377 2056 3490 2122 est,
3519 2054 3646 2112 nihil

2109 2146 2280 2205 aliud
2306 2152 2400 2205 est
2431 2163 2570 2205 esse
2599 2133 3010 2205 determinate
3035 2164 3281 2219 veram,
3319 2162 3505 2223 quam
3531 2164 3645 2206 5555

2109 2243 2252 2298 actu
2279 2238 2428 2299 etin
2455 2256 2524 2298 re
2551 2256 2788 2299 veram.
2836 2238 3232 2299 Antecedens
3263 2256 3417 2299 vero
3459 2246 3642 2316 patet,

2111 2338 2242 2391 tum
2271 2332 2417 2411 quia
2445 2332 2550 2391 ina
2581 2332 2918 2410 propositio
2949 2350 3078 2395 non
3107 2333 3328 2410 incipit
3363 2350 3497 2393 esse
3523 2350 3644 2392 vera

2107 2426 2172 2485 in
2206 2445 2280 2486 eo
2306 2428 2562 2487 instanti
2585 2428 2646 2487 in
2675 2446 2799 2505 quo
2827 2428 3044 2487 Petrus
3073 2433 3332 2505 peccat,
3363 2426 3485 2487 imo
3523 2434 3642 2487 tun(-

2108 2520 2313 2599 potius
2343 2519 2821 2598 quodammodo.
2827 2521 2961 2598 jam
2991 2519 3216 2579 desinit
3245 2520 3388 2597 ejus
3425 2520 3640 2591 veritas,

2109 2619 2176 2672 et.
2198 2613 2409 2691 incipit
2433 2613 2659 2673 veritas
2683 2613 2760 2672 de
2792 2612 3084 2691 praesenti
3111 2630 3127 2683 ;
3159 2618 3294 2671 tum
3323 2612 3502 2671 etiam
3526 2614 3645 2690 quia

2105 2705 2205 2766 illa
2237 2706 2352 2767 fuit
2391 2724 2642 2785 semper
2677 2704 3012 2770 conformis
3049 2724 3164 2765 suo
3201 2704 3480 2783 objecto.
3525 2706 3644 2782 quia

2105 2818 2322 2861 revera
2353 2800 2433 2859 ita
2457 2800 2735 2859 futurum
2764 2798 2900 2869 fuit,
2933 2800 3090 2859 sicut
3119 2816 3232 2877 per
3258 2798 3464 2877 ipsam
3489 2800 3643 2877 signi-

2103 2892 2442 2963 ficabatur;
2477 2910 2626 2971 ergo
2657 2893 2982 2953 existentia
3007 2890 3146 2951 talis
3173 2892 3268 2951 rei
3302 2910 3428 2951 non
3457 2892 3552 2953 dat
3577 2892 3638 2951 de

2107 3006 2268 3048 novo
2299 2988 2620 3048 veritatem
2659 2986 3086 3065 propositioni,
3119 2984 3232 3044 sed
3263 2986 3529 3045 ostendit
3555 3005 3641 3045 no-

2105 3081 2202 3142 his
2243 3099 2383 3142 eam
2415 3100 2552 3160 quse
2581 3085 2766 3142 antea
2793 3084 2948 3142 erat.
2981 3080 3268 3142 Tandem
3301 3098 3380 3140 ex
3417 3080 3553 3159 ipsis
3575 3080 3642 3140 lo-

2107 3175 2484 3248 cutionibuS‚
2533 3175 2703 3253 quia,
2736 3192 2882 3234 cum
2909 3192 3122 3234 assero
3155 3189 3174 3232 ε
3201 3174 3439 3236 Petrus
3465 3191 3646 3254 pccca-

2103 3268 2212 3340 bit,
2245 3269 2416 3347 quid,
2461 3285 2698 3347 quaeso,
2743 3271 3003 3328 assero?
3053 3267 3166 3327 Vel
3211 3267 3388 3327 enim
3437 3267 3644 3326 affirmo

2107 3367 2346 3424 tantum
2372 3363 2620 3424 Petrum
2647 3379 2787 3422 esse·
2814 3360 3280 3420 indifferentem
3309 3359 3392 3420 ad
3417 3378 3646 3438 peccan-

2106 3456 2292 3528 dum,
2339 3455 2436 3516 vei
2473 3455 2883 3516 determinate
2919 3457 3353 3532 peccaturum.
3403 3454 3644 3514 Primum

2107 3553 2201 3610 est
2229 3548 2410 3627 plane
2439 3548 2688 3608 falsum.
2721 3547 2871 3628 quia
2915 3555 3010 3606 est
3041 3552 3264 3606 contra
3303 3547 3430 3607 vim
3461 3547 3644 3606 verbo-

2103 3659 2285 3711 rum;
2330 3647 2464 3701 tum
2493 3641 2640 3718 quia
2669 3640 2826 3700 alias
2865 3639 2962 3699 hae
3005 3657 3132 3700 non
3165 3643 3386 3701 essent
3429 3645 3644 3700 contra-

2103 3735 2424 3794 dictoriae:
2467 3735 2682 3794 Petrus
2726 3734 3032 3812 peccabit,
3089 3739 3152 3794 et
3207 3751 3220 3792 :
3275 3733 3495 3794 Petrus
3535 3751 3640 3792 non

2105 3826 2410 3906 peccabit,
2431 3830 2498 3886 ut
2519 3827 2652 3905 ipse
2673 3826 3036 3886 Aristoteles
3051 3825 3310 3896 fatetur,
3331 3825 3442 3886 sed
3467 3826 3640 3904 potius

2104 3920 2271 3980 idem
2309 3939 2422 3998 per
2461 3925 2794 3998 utramque
2833 3919 3300 3994 significaretur
3325 3965 3346 3994 ,
3383 3918 3540 3998 quod
3565 3924 3640 3978 est

2103 4021 2320 4075 eontra
2331 4031 2584 4074 omnem
2597 4030 2872 4074 sensum.
2889 4013 2951 4073 Si
2967 4017 3176 4074 autem
3191 4013 3332 4076 dica
3343 4020 3440 4074 tur
3449 4029 3640 4074 secun-

2102 4106 2277 4180 dum,
2299 4124 2452 4184 ergo
2469 4105 2570 4166 vel
2593 4105 2658 4166 id
2677 4104 2846 4184 quod
2874 4123 3044 4165 nunc
3063 4107 3500 4185 profertur‚est
3517 4123 3639 4165 con-

2101 4201 2300 4262 forme
2329 4201 2572 4280 objecto
2599 4246 2615 4272 ,
2657 4200 2758 4260 vel
2799 4217 2928 4259 non
2965 4206 3088 4272 esu
3129 4219 3283 4280 ergo
3315 4197 3638 4261 necessario

2103 4301 2196 4356 est
2223 4295 2638 4361 determinate
2677 4311 2898 4354 verum
2920 4339 2936 4366 ,
2977 4293 3076 4354 vel
3111 4294 3517 4354 determinate
3545 4291 3638 4350 fal-

2101 4405 2262 4449 sum.
2282 4389 2464 4448 Dices
2479 4388 2760 4448 nondum
2775 4403 2913 4448 esse
2929 4387 3250 4448 conforme
3266 4387 3369 4448 vel
3385 4387 3636 4447 difforme

2101 4482 2248 4562 quia
2272 4481 2550 4542 nondum
2570 4486 2664 4540 est
2689 4479 2862 4541 alind
2879 4485 3250 4541 extremum.
3277 4478 3403 4542 Sed
3421 4483 3632 4539 contra:

2100 4577 2246 4654 quia
2275 4575 2326 4634 si
2353 4581 2450 4636 est
2473 4591 2750 4652 praesens
2775 4573 2840 4634 in
2867 4573 3239 4646 aeternitate,
3279 4579 3354 4634 ut
3375 4573 3538 4634 multi
3565 4571 3636 4630 Ιο-

2097 4673 2396 4747 quuntur,
2431 4668 2494 4726 id
2511 4667 2660 4727 satis
2677 4674 2770 4728 est
2787 4685 2802 4738 ;
2823 4666 2922 4726 vel
2939 4667 3178 4727 etiamsi
3195 4667 3370 4726 nullo
3387 4665 3558 4726 modo
3571 4663 3634 4722 sit

2097 4779 2264 4820 nune
2301 4779 2576 4838 proesens
2598 4759 2944 4822 secundum
2979 4760 3373 4820 existentiam
3401 4758 3628 4824 realem,

2097 4854 2244 4916 satis
2265 4860 2358 4914 est
2389 4853 2559 4932 quod
2589 4855 2944 4914 necessario
2971 4853 3167 4913 altera
3198 4871 3348 4932 pars
3375 4849 3628 4912 determi—

2100 4954 2250 5008 nata
2271 4953 2488 5025 postea
2511 4946 2768 5006 habebit
2791 4947 2962 5006 illam
2985 4947 3382 5025 proesentiam
3402 4943 3626 5011 realem,

2103 5041 2248 5118 quia
2275 5040 2614 5119 propositio
2639 5059 2769 5100 non
2787 5039 3082 5100 enunciat
3107 5057 3239 5100 rem
3269 5043 3628 5118 praesentem,

2103 5134 2212 5194 sed
2234 5133 2530 5206 futuram,
2567 5139 2630 5195 et
2653 5133 2798 5194 ideo
2827 5151 2968 5193 cum
3001 5131 3102 5193 illa
3133 5139 3201 5193 ut
3225 5134 3312 5193 sic
3341 5131 3520 5192 debet
3539 5129 3630 5188 ha-

2100 5227 2252 5288 bere
2279 5227 2800 5288 conformitatem.
2855 5228 2984 5288 Hac
3009 5245 3157 5306 ergo
3183 5227 3443 5298 ratione,
3463 5241 3628 5303 quan-

2099 5322 2329 5382 tumvis
2365 5321 2594 5382 veritas
2645 5321 2866 5382 talium
2907 5321 3400 5402 propositionum
3441 5320 3512 5379 sit
3543 5335 3628 5376 oc·

2103 5414 2288 5486 culta,
2309 5415 2664 5476 necessario
2695 5419 2790 5476 est
2817 5414 3252 5486 determinata,
3279 5420 3388 5474 aut
3411 5408 3624 5490 opposi-

2099 5510 2162 5567 ta
2193 5507 2451 5572 falsitas.
2499 5507 2768 5588 ideoque
2793 5526 3014 5568 verum
3043 5507 3230 5569 etiam
3269 5512 3382 5578 est,
3423 5523 3494 5564 ex
3517 5519 3624 5563 om·
