3850 6225
712 406 882 461 SECT.
917 409 1001 464 ln.
1037 409 1218 464 smm
1247 411 1314 464 m
1344 411 1468 466 1)ss0
1499 413 1670 466 VERA
1699 413 1782 468 Ac
1811 415 2077 474 moritu
2112 420 2547 478 msmlmmva
2577 426 2868 480 JUS‘rmA.

185 499 356 562 ctiori
395 501 610 576 modo,
652 506 956 570 resultare
1009 515 1236 588 potest.
1285 513 1502 592 Neque
1553 513 1744 576 etiam

185 594 452 656 excludit
491 595 642 675 quin
681 599 878 678 possit
931 601 1064 664 hoec
1105 603 1348 682 justitia
1403 605 1742 684 aliquando

183 705 520 748 commune
556 689 812 769 aliquod
857 692 1096 756 bonum
1123 695 1256 758 sine
1277 697 1608 776 partitione
1633 705 1742 762 aut

183 779 610 844 distributione
637 783 952 860 conferre3
987 788 1135 866 quia
1167 789 1464 852 nimirum
1491 791 1646 852 illud
1673 792 1738 854 in

182 891 290 934 suo
321 873 548 936 ordine
577 875 882 940 divisibile
905 897 1036 942 non
1065 888 1180 955 est,
1213 883 1358 946 licet
1406 886 1484 946 sit
1509 904 1622 966 pro
1651 886 1741 948 di·

181 966 412 1046 gnitate
463 985 748 1046 personae
803 973 1292 1050 conferendum3
1353 983 1416 1040 et
1463 978 1606 1042 ideo
1657 980 1740 1041 ad

181 1060 336 1120 hanc
355 1059 666 1138 justitiam
697 1071 936 1142 spectat
961 1067 1116 1129 illud
1143 1069 1452 1144 conferre,
1495 1073 1739 1136 etiamsi

179 1172 340 1214 nunc
367 1171 500 1216 non
525 1156 822 1235 respiciat
847 1159 1018 1222 illam
1045 1164 1516 1242 proportionem
1545 1165 1610 1228 in
1629 1153 1735 1230 iu'o

179 1243 474 1324 singulari
503 1250 792 1322 actu‚sed
837 1253 1042 1316 solum
1081 1257 1288 1335 majus
1303 1257 1414 1336 jus
1455 1259 1570 1320 sibi
1597 1278 1737 1339 pro-

179 1339 618 1418 portionatum,
647 1342 713 1404 id
751 1351 864 1420 est,
899 1347 1204 1427 majorem
1231 1349 1598 1430 dignitatem
1625 1354 1738 1414 ali-

177 1433 350 1512 cujus
412 1451 721 1512 personae.
765 1437 918 1500 Dico
969 1447 1204 1516 autem,
1244 1444 1314 1506 in
1338 1443 1448 1508 ino
1485 1445 1736 1528 speciali

178 1531 348 1597 actm·
383 1543 560 1601 nam,
602 1528 654 1588 si
677 1528 782 1592 ille
811 1549 956 1592 cum
983 1532 1120 1596 aliis
1167 1537 1606 1617 conjungatur,
1657 1556 1736 1601 ex

178 1617 460 1678 omnibus
507 1621 768 1684 resultat
827 1623 994 1686 dicta
1029 1630 1373 1707 proportio,
1417 1615 1482 1692 ἐι
1507 1631 1734 1710 praedi·

177 1716 334 1772 ctum
372 1711 613 1774 bonum
655 1713 1066 1795 Reipublicoe:
1101 1726 1191 1788 ut.
1243 1721 1296 1784 si
1337 1741 1732 1804 unaquaeque

177 1803 464 1866 cathedra
497 1805 766 1886 digniori
793 1810 1150 1874 conferatur
1169 1815 1518 1880 secundum
1547 1837 1732 1881 suum

177 1895 456 1976 gradum,
517 1902 846 1964 resultabit
893 1903 1059 1966 inter
1107 1925 1328 1970 omnes
1367 1911 1732 1974 cathedram

175 1990 490 2066 habentes,
521 1995 712 2056 etiam
733 1997 1106 2077 inaequales,
1132 2002 1364 2080 optima
1385 2007 1726 2084 proportio.

175 2084 256 2142 Ac
285 2083 562 2165 denique
589 2088 814 2152 eadem
849 2092 1092 2156 ratione
1117 2111 1248 2156 non
1290 2097 1564 2160 excludit
1593 2099 1731 2162 haec

169 2176 416 2255 justitia,
449 2180 604 2258 quin
649 2183 838 2244 etiam
885 2184 994 2246 uni
1031 2203 1318 2265 personae
1372 2195 1642 2266 tantum,
1677 2192 1730 2254 si

174 2287 322 2349 opus
349 2272 448 2346 sit,
494 2274 736 2355 aliquid
785 2294 864 2340 ex
909 2278 1090 2340 bonis
1113 2284 1550 2346 communibus
1579 2303 1730 2346 con·

173 2362 344 2438 ferat,
373 2374 625 2430 servata
677 2371 1134 2446 moderatione,
1183 2381 1246 2438 et
1288 2377 1727 2456 adaequatione

175 2457 248 2517 ad
273 2459 432 2520 illius
474 2460 883 2542 dignitatem;
915 2485 1088 2544 nam,
1131 2474 1201 2530 ut
1247 2477 1420 2534 recte
1462 2471 1616 2534 dixit
1649 2473 1724 2534 D.

173 2551 434 2612 Thomas
457 2554 522 2614 2.
547 2555 608 2627 2,
642 2573 706 2634 q.
733 2560 836 2631 61,
855 2577 917 2620 a.
947 2563 1008 2632 1,
1029 2561 1112 2622 ad
1137 2566 1164 2622 1
1196 2564 1498 2628 :laetitia
1517 2563 1730 2628 distri-

173 2645 366 2708 Imtiva
391 2647 580 2710 etiam
597 2649 817 2730 dio-ieie
839 2650 1154 2728 hominem,
1181 2661 1254 2719 nt
1269 2658 1340 2719 in
1351 2655 1730 2722 distributio·

171 2756 238 2801 πο
272 2739 557 2804 bonav-m
587 2747 988 2810 communium
1019 2749 1482 2814 moderationum
1505 2755 1722 2816 servet.

176 2830 310 2902 Quoe
339 2832 692 2899 moderatio
717 2841 959 2900 tantum
1001 2857 1080 2902 ex
1106 2841 1338 2920 duplici
1377 2845 1578 2923 capite
1621 2843 1726 2906 de-

175 2926 324 2984 sumi
355 2943 544 3005 posse
573 2928 842 3004 videtur,
873 2931 1128 3005 scilicet,
1152 2952 1230 2995 ex
1253 2936 1598 3014 quantitate
1617 2937 1725 2998 bo-

175 3036 388 3078 norum
415 3021 822 3100 Reipublicae,
855 3030 1015 3086 etex
1036 3024 1336 3106 dignitate
1361 3047 1477 3090 seu
1499 3029 1724 3092 merito

175 3114 300 3191 ejus
357 3114 456 3175 cui
496 3115 754 3194 aliquod
800 3135 878 3179 ex
925 3118 1045 3181 illis
1087 3126 1182 3183 est
1231 3123 1718 3199 conferendum

175 3225 312 3285 ergo
357 3208 522 3269 hanc
541 3210 1008 3288 proportionem
1057 3232 1174 3293 per
1219 3234 1286 3277 se
1315 3218 1570 3296 respicit
1587 3219 1722 3282 haec

167 3300 418 3378 justitia,
451 3305 518 3361 et
537 3308 846 3379 quantum
875 3311 970 3367 est
989 3324 1068 3367 ex
1091 3325 1184 3381 se,
1201 3307 1528 3388 adaequate
1551 3311 1721 3373 illam

174 3394 406 3472 implet;
441 3394 614 3474 quia,
643 3396 804 3460 sicut
829 3398 1191 3463 moderatur
1213 3401 1612 3483 largitionem
1635 3422 1718 3467 ne

177 3486 445 3560 excedat,
475 3488 562 3549 ita
603 3489 792 3551 etiam
819 3490 1008 3553 efficit
1055 3512 1138 3555 ne
1191 3494 1270 3556 sit
1297 3494 1624 3569 diminuta,
1665 3496 1720 3558 si

173 3577 420 3643 facultas
459 3580 776 3643 bonorum
803 3601 934 3645 non
981 3582 1164 3660 desit,
1215 3588 1386 3667 quod
1437 3589 1720 3673 acciden-

170 3673 382 3733 tarium
421 3680 538 3735 est.
571 3674 648 3736 Et
671 3674 792 3737 hoc
823 3676 1012 3738 etiam
1061 3679 1398 3743 insinuavit
1445 3684 1520 3743 D.
1555 3684 1721 3745 Tho-

169 3784 318 3841 mas,
337 3766 480 3829 dict.
502 3786 568 3847 q.
599 3768 702 3841 61,
731 3774 852 3829 art.
885 3772 916 3831 1
953 3777 1016 3831 et
1043 3773 1106 3847 2,
1135 3772 1374 3847 dicens,
1405 3776 1570 3837 hanc
1589 3776 1722 3853 jus-

171 3859 352 3919 titiam
401 3859 672 3923 reddere
717 3862 900 3923 alteri
929 3864 1100 3942 quod
1141 3871 1239 3928 est
1279 3866 1490 3947 aliquo
1531 3868 1720 3931 modo

169 3970 342 4012 suum
371 3997 390 4027 ,
422 3952 572 4031 quia
631 3954 802 4015 bona
843 3956 1202 4019 communia
1251 3959 1721 4039 quodammodo

172 4052 306 4107 sunt
341 4047 834 4128 uniuscujusque
874 4050 1090 4128 partis.
1115 4051 1186 4113 ln
1227 4069 1354 4131 quo
1395 4052 1583 4113 etiam
1623 4052 1721 4115 in-

172 4139 346 4215 dicat,
381 4142 595 4203 etalio
623 4142 812 4203 modo
841 4142 1112 4222 explicat
1137 4145 1305 4223 quod
1335 4164 1524 4225 supra
1561 4146 1720 4209 dixi·

169 4248 322 4305 mus,
367 4252 598 4314 nempe
633 4234 798 4296 hanc
827 4230 1135 4314 justitiam
1167 4238 1482 4317 respicere
1523 4240 1718 4319 quod-

175 4322 310 4384 dam
341 4326 447 4404 jus
499 4327 778 4401 alterius,
813 4346 944 4391 non
997 4334 1210 4391 tamen
1257 4331 1343 4393 ita
1393 4334 1713 4413 proprium

175 4422 232 4477 et
261 4418 632 4497 rigorosum,
665 4420 825 4482 sicut
851 4427 948 4483 est
965 4422 1072 4501 jus
1093 4422 1347 4502 justitian
1371 4432 1717 4487 commuta-

167 4509 319 4571 tivoe.
344 4512 424 4597 ‘Et
451 4513 518 4573 in
559 4514 746 4575 solut.
780 4514 864 4576 ad
911 4518 976 4589 ὅ,
1007 4533 1300 4594 expresse
1343 4516 1492 4579 dicit
1531 4518 1717 4597 justi-

168 4602 308 4663 tiam
335 4608 840 4669 commutativam
863 4614 926 4669 et
953 4608 1407 4671 distributivam
1437 4628 1568 4671 non
1593 4608 1715 4671 dis-

167 4694 354 4775 tingui
393 4700 596 4761 solum
645 4701 994 4763 secundum
1021 4720 1218 4763 unum
1257 4708 1320 4763 et
1347 4702 1566 4777 multa,
1601 4701 1712 4766 sed

169 4790 504 4851 secundum
549 4792 862 4855 diversam
925 4793 1120 4855 debiti
1167 4794 1476 4857 rationem
1509 4814 1524 4857 :
1569 4793 1713 4859 Alio

167 4882 317 4945 onim
340 4886 506 4947 modo
531 4888 552 4963 (
573 4886 773 4966 inquit
797 4886 818 4966 )
845 4888 1087 4950 debetur
1121 4888 1312 4953 alicui
1337 4890 1407 4952 id
1437 4890 1596 4970 quod
1621 4894 1715 4953 osc

167 4988 480 5053 commune,
502 4979 626 5042 alio
653 4998 789 5044 vero
807 4981 976 5043 modo
998 4977 1066 5043 id
1077 4982 1236 5061 quod
1258 4988 1351 5047 ost
1368 4982 1708 5065 proprium.

169 5064 254 5125 Ex
301 5068 394 5129 his
435 5088 608 5151 ergo,
639 5078 708 5134 ut
749 5073 1002 5153 opinor,
1049 5072 1428 5137 sufficienter
1470 5080 1715 5138 constat

165 5158 462 5223 rationem
487 5183 526 5224 a
554 5165 734 5227 nobis
761 5165 1056 5245 positam,
1083 5165 1150 5227 in
1184 5168 1556 5249 explicando
1598 5168 1711 5230 ob-

163 5249 322 5327 jecto
377 5262 438 5316 et
489 5257 688 5319 officio
742 5258 1146 5321 distributivae
1205 5260 1460 5340 justitias
1495 5304 1512 5335 ,
1570 5278 1708 5323 esse

169 5355 642 5413 consentaneam
681 5350 982 5415 doctrinae
1023 5351 1148 5415 divi
1173 5354 1427 5417 Thomas
1457 5360 1520 5416 et
1543 5354 1708 5417 Aris-

169 5438 382 5501 tutelis.

3266 429 3383 490 557

2462 625 2743 712 objectio.

1877 783 1977 844 20.
2006 783 2535 850 Salonam—Una
2556 789 2687 852 sola
2715 797 3000 869 superest
3022 792 3377 870 difficultas,

1819 875 1969 954 quia
1994 893 2069 938 ex
2093 877 2273 939 dictis
2288 879 2533 942 videtur
2554 883 2755 962 sequi,
2772 883 3077 963 justitiam
3100 905 3383 948 commu·

1817 968 2099 1046 tativam,
2124 969 2187 1030 in
2208 971 2530 1035 reddendo
2560 975 2770 1054 aliquo
2797 975 3028 1050 debito,
3056 997 3381 1060 nunquam

1816 1061 2131 1140 respicere
2164 1064 2245 1125 ad
2276 1083 2557 1144 personas
2587 1067 2977 1148 dignitatem,
3020 1089 3133 1134 seu
3172 1073 3192 1151 (
3210 1073 3381 1154 quod

1816 1151 1985 1214 idem
2016 1155 2147 1232 est)
2183 1174 2511 1236 nunquam
2552 1159 2817 1224 reddere
2870 1163 3052 1224 alicui
3095 1182 3381 1244 personae

1816 1247 1987 1324 quod
2028 1248 2271 1312 ratione
2314 1250 2633 1331 dignitatis
2674 1254 2811 1332 ejus
2840 1256 2896 1317 ei
2942 1256 3225 1318 debitum
3246 1265 3375 1333 est;

1817 1359 2211 1420 consequens
2235 1351 2331 1406 est
2354 1345 2579 1408 falsum
2600 1367 2616 1420 ;
2654 1367 2827 1429 ergo.
2852 1351 3122 1430 Sequela
3152 1352 3379 1432 proba·

1816 1440 1937 1510 tur,
1966 1436 2113 1515 quia
2141 1436 2376 1500 dictum
2404 1445 2499 1500 est
2515 1439 2771 1519 justitias
2798 1442 3203 1510 distributivae
3230 1465 3377 1526 pro-

1813 1528 2019 1608 prium
2049 1547 2187 1591 esse
2228 1532 2542 1611 respicere
2570 1534 2939 1614 dignitatem
2970 1555 3282 1617 personoe,
3308 1545 3377 1602 ut

1813 1620 2053 1700 aliquid
2082 1622 2139 1684 ei
2182 1623 2451 1697 tribuat;
2486 1644 2637 1706 ergo
2666 1627 2787 1688 alia
2820 1628 3061 1707 justitia
3088 1630 3377 1694 distincta

1812 1732 2139 1794 nunquam
2169 1724 2373 1797 potest
2414 1719 2688 1782 officium
2722 1722 2875 1784 illud
2904 1742 3231 1804 usurpare.
3262 1725 3377 1788 Mi-

1811 1825 1931 1870 nor
1954 1811 2165 1870 autem
2199 1797 2521 1904 probauit-3
2556 1814 2702 1892 quia
2734 1815 2937 1877 honor
2963 1815 3230 1880 debetur
3266 1819 3375 1880 ali·

1813 1901 1910 1962 cui
1936 1903 2177 1964 ratione
2207 1903 2547 1984 dignitatis,
2586 1912 2884 1970 ettamen
2924 1909 3099 1972 illum
3124 1911 3371 1976 auferre

1811 1998 1908 2056 est
1938 2002 2154 2057 contra
2174 1996 2479 2076 justitiam
2516 2001 3061 2076 commutativam3
3104 2010 3169 2066 et
3205 2004 3373 2066 idem

1811 2093 1908 2148 est
1930 2087 2011 2150 de
2038 2087 2229 2164 fama,
2262 2096 2325 2154 et
2342 2089 2505 2163 aliis,
2526 2091 2609 2153 ad
2637 2109 2777 2170 quae
2812 2093 3036 2173 aliquis
3058 2095 3246 2157 habet
3266 2097 3371 2176 jus

1809 2181 2051 2242 ratione
2082 2200 2209 2243 suae
2245 2182 2584 2264 dignitatis.
2612 2186 2761 2246 Haec
2788 2186 3055 2266 objectio
3086 2207 3165 2250 ex
3192 2189 3373 2252 dictis

1808 2272 1943 2336 fere
1982 2275 2185 2336 soluta
2229 2281 2323 2336 est
2345 2322 2363 2350 ,
2408 2277 2641 2357 placuit
2674 2284 2889 2340 tamen
2934 2280 3108 2342 illam
3148 2299 3373 2361 propo-

1807 2383 1985 2440 nere,
2020 2385 2101 2428 ne
2136 2369 2271 2448 quis
2300 2367 2459 2430 forte
2491 2369 2553 2430 in
2594 2371 2912 2451 aequivoco
2940 2373 3183 2435 laboret
3208 2373 3373 2436 circa

1809 2458 2179 2538 dignitatem
2207 2480 2491 2541 personas
2520 2481 2711 2543 quam
2756 2463 3023 2528 dicimus
3063 2468 3370 2546 justitiam

1809 2551 2265 2616 distributivam
2291 2557 2633 2636 respicere,
2668 2563 2736 2619 ut
2780 2559 2952 2638 quod
3004 2558 3065 2620 ei
3108 2578 3371 2640 propor-

1807 2645 2117 2708 tionatum
2164 2655 2261 2712 est
2306 2649 2619 2724 conferat3
2656 2651 2775 2712 hoc
2812 2652 2981 2714 enim
3022 2653 3370 2734 intelligen-

1808 2739 1961 2802 dum
2004 2747 2103 2804 est
2132 2743 2383 2822 praecise
2412 2750 2475 2805 et
2502 2745 2682 2824 quasi
2708 2745 3045 2822 exclusive,
3072 2747 3367 2808 nimirum

1807 2839 1878 2896 ut
1903 2841 2160 2914 propter
2186 2835 2355 2898 illam
2380 2837 2579 2898 solam
2614 2837 2945 2912 rationem,
2974 2839 3218 2901 secluso
3244 2840 3367 2902 alio

1804 2930 2058 3010 proprio
2075 2930 2221 3010 jure
2276 2938 2337 2993 et
2389 2932 2691 3003 dominio,
2720 2933 2833 2996 fiat
2856 2934 3124 2995 traditio.
3162 2934 3365 3010 Unde,

1807 3022 1856 3084 si
1887 3023 2209 3104 contingat
2237 3042 2573 3103 personam
2602 3027 2902 3106 aliquam,
2945 3027 3187 3090 ratione
3226 3027 3367 3090 talis

1803 3117 2123 3198 dignitatis
2149 3119 2252 3180 vel
2282 3118 2503 3193 officii,
2536 3120 2771 3182 habere
2798 3122 3123 3199 proprium
3172 3126 3235 3182 et
3271 3122 3368 3182 in-

1801 3211 2145 3273 trinsecum
2162 3210 2271 3290 jus
2316 3211 2399 3273 ad
2430 3219 2671 3275 certum
2706 3213 2983 3293 aliquem
3030 3214 3361 3291 honorem,

1801 3303 1973 3367 verbi
2000 3305 2225 3385 gratia.
2264 3304 2347 3367 ad
2374 3306 2565 3367 talem
2588 3306 2797 3367 locum
2827 3313 2937 3367 aut
2956 3306 3145 3367 talem
3175 3307 3365 3369 actio-

1798 3416 1973 3473 nem,
2016 3398 2117 3459 vel
2156 3397 2327 3459 aliud
2378 3398 2603 3473 simile,
2648 3404 2797 3459 tunc
2844 3398 3035 3459 habet
3076 3398 3364 3478 quaedam

1800 3490 2151 3553 dominium
2177 3490 2341 3553 circa
2384 3490 2542 3552 illud
2588 3497 2891 3570 tanquam
2934 3492 3001 3551 in
3047 3491 3365 3571 quoddam

1801 3583 2301 3646 emolumentum
2344 3603 2487 3645 cum
2530 3584 2637 3646 tali
2664 3582 2967 3663 dignitate
3017 3584 3119 3647 vel
3160 3583 3364 3646 officio

1803 3678 2230 3757 conjunctum.
2258 3677 2649 3759 Quapropter
2676 3677 2923 3756 privare
2952 3676 3229 3757 aliquem
3256 3677 3367 3739 tali

1800 3770 2065 3845 honore,
2116 3788 2255 3833 esse
2308 3769 2537 3849 poterit
2574 3776 2791 3831 contra
2834 3770 3137 3849 justitiam
3193 3788 3365 3831 com-

1799 3864 2190 3937 mutativam,
2214 3881 2343 3924 non
2374 3862 2521 3941 quia
2550 3864 2629 3924 sit
2652 3864 2907 3943 praecise
2928 3869 3145 3925 contra
3167 3863 3366 3945 digni-

1799 3963 1993 4019 tatem
2020 3974 2329 4038 personoe,
2382 3955 2495 4017 sed
2533 3954 2679 4035 quia
2708 3962 2803 4017 est
2845 3962 3062 4018 contra
3083 3957 3191 4035 jus
3218 3975 3364 4037 pro-

1799 4050 2031 4130 prium,
2064 4056 2127 4111 et
2156 4048 2503 4110 dominium
2533 4048 2703 4127 quod
2744 4048 2936 4114 habet
2976 4050 3218 4111 ratione
3268 4050 3364 4111 di-

1799 4144 2072 4223 gnitatiS,
2103 4148 2173 4205 ut
2194 4141 2244 4203 si
2270 4141 2619 4221 privaretur
2632 4140 3089 4221 jurisdictione,
3116 4142 3215 4203 vel
3238 4140 3359 4203 alia

1795 4254 1866 4297 re
1896 4235 2103 4297 simili.

1877 4331 1979 4391 21.
2031 4327 2156 4403 Quo
2198 4342 2383 4391 sensu
2407 4324 2633 4389 dicitur
2671 4326 2895 4407 aliquia
2934 4324 3209 4389 dominu
3232 4344 3363 4393 Μ

1793 4426 2097 4499 samoe.-—
2114 4421 2223 4481 Est
2286 4419 2475 4480 etiam
2541 4418 2723 4480 valde
2807 4418 3355 4495 considerandum,

1795 4515 1969 4577 aliud
1997 4533 2135 4577 esse
2178 4532 2307 4575 non
2352 4512 2599 4575 auferre
2647 4512 2727 4573 ab
2754 4511 2963 4593 aliquo
2992 4513 3227 4575 famam
3258 4515 3359 4576 vel

1795 4609 2123 4683 honorem,
2166 4605 2339 4668 aliud
2378 4624 2527 4666 vero
2562 4604 2845 4667 conferre
2894 4605 2950 4666 ei
2994 4605 3229 4667 famam
3257 4606 3358 4669 vel

1795 4701 2137 4771 honorem:
2170 4718 2317 4761 nam
2342 4698 2496 4761 iliud
2517 4698 2690 4778 prius
2715 4704 2925 4778 potest
2954 4699 3037 4760 ad
3050 4700 3356 4779 justitiam

1795 4794 2303 4855 commutativam
2329 4791 2669 4870 pertinere,
2710 4791 2953 4853 etiamsi
2996 4811 3125 4853 non
3158 4794 3355 4872 pcrti-

1793 4892 1943 4948 neat
1968 4885 2317 4947 secundum
2352 4902 2467 4964 per
2509 4900 2577 4945 se
2622 4882 2960 4961 loquendo,
2994 4884 3105 4946 sed
3152 4884 3355 4977 solum

1794 4997 1874 5041 ex
1921 4978 2349 5059 suppositione
2378 4976 2644 5057 alicujus
2672 4976 2940 5057 injuriae,
2973 4995 3051 5038 ex
3084 4996 3209 5057 qua
3254 4995 3356 5039 or-

1791 5079 1924 5135 tum
1956 5072 2123 5135 sitin
2150 5072 2347 5133 altero
2368 5070 2474 5149 jus
2504 5069 2827 5149 proprium
2855 5069 3132 5131 dominio
3160 5071 3356 5150 aequi-

1793 5167 2043 5239 valens;
2078 5163 2249 5245 quod
2294 5164 2359 5225 in
2396 5162 2567 5223 fama
2623 5167 2717 5223 est
2756 5161 3195 5224 manifestum:
3233 5178 3353 5243 ego

1789 5260 1959 5321 enim
1988 5277 2117 5320 non
2140 5263 2359 5319 teneor
2388 5274 2465 5317 ex
2490 5254 2730 5335 justitia
2770 5256 3233 5329 commutativa,
3272 5255 3353 5317 de

1788 5372 1856 5415 se
1901 5351 2244 5431 loquendo,
2276 5350 2453 5411 alteri
2484 5349 2717 5411 bonam
2753 5346 2990 5409 famam
3027 5348 3349 5423 conferre3

1785 5450 2009 5507 teneor
2036 5451 2247 5506 tamen
2283 5461 2411 5503 non
2440 5441 2711 5517 auferre,
2764 5440 2912 5521 quia
2940 5447 3036 5504 est
3059 5440 3352 5503 dominus

1785 5557 1916 5601 suae
1940 5537 2157 5613 famae3
2190 5554 2317 5596 non
2361 5541 2457 5597 est
2497 5540 2711 5597 tamen
2758 5532 3073 5609 dominus,
3120 5552 3235 5614 per
3280 5550 3350 5597 se
