3850 6225
697 423 872 475 SEC'r.
907 423 945 473 l.
983 420 1198 475 mmm
1229 418 1466 471 mnam
1496 417 1856 471 vlvlr-‘chTA
1890 418 2180 471 VALEANT
2216 422 2299 472 An
2330 420 2661 484 Pnopmtm,
2696 420 2828 473 Ere.

131 540 280 583 non
319 539 474 603 ergo
499 525 804 603 sperabat
845 528 1091 584 tantum
1127 521 1538 583 accidentalia
1570 537 1728 598 prae-

131 618 278 677 mia
323 624 581 697 propter
627 618 940 679 scribendi
983 616 1311 689 meritum,
1365 616 1478 677 sed
1523 616 1726 675 Deum

133 710 360 789 ipsum
391 756 408 785 ,
455 718 522 772 nt
581 710 984 773 essentialem
1053 710 1468 781 mercedem3
1531 724 1726 787 quam

135 805 344 864 etiam
369 822 508 866 esse
535 805 712 865 illum
739 804 1075 866 denarium
1103 804 1396 865 diurnum
1419 800 1726 881 operariis

137 898 396 970 datum,
437 899 658 960 nauh.
691 901 794 972 20,
827 918 1048 961 omnes
1076 898 1452 977 intelligunt.
1501 898 1590 957 De
1619 894 1724 955 illa

139 992 342 1053 etiam
373 992 652 1053 Christus
677 992 852 1066 dixit,
880 993 1064 1056 Joan.
1095 994 1170 1053 4:
1211 992 1328 1065 Qui
1353 991 1552 1065 metit,
1581 1006 1734 1051 mer-

139 1090 348 1153 cedem
391 1086 634 1169 accipit,
678 1090 736 1149 et
775 1090 1096 1170 concreant
1128 1088 1398 1161 fructum
1439 1086 1510 1147 in
1539 1085 1732 1147 vitam

141 1188 466 1245 oeternam.
511 1181 588 1241 Et
627 1181 844 1241 Matth.
879 1182 916 1243 5
949 1198 963 1240 :
1011 1180 1304 1254 Gaudete,
1335 1184 1392 1243 et
1433 1180 1724 1249 multato,

137 1276 433 1357 quoniam
475 1292 698 1337 merces
743 1280 950 1338 vestra
988 1273 1229 1356 copiosa
1269 1280 1360 1337 est
1397 1274 1467 1335 in
1501 1273 1670 1336 coelis
1696 1298 1722 1346 ,-

137 1386 342 1448 quam
365 1367 600 1429 ibidem
626 1368 746 1429 sub
767 1366 1030 1428 diversis
1057 1366 1314 1444 quidem
1335 1365 1716 1437 nominibus,

142 1462 443 1523 eamdem
473 1467 711 1533 tamen,
729 1466 986 1541 propter
1011 1462 1184 1521 varia
1203 1461 1498 1521 virtutum
1527 1476 1720 1539 opera

141 1555 499 1635 promittitz
543 1555 798 1629 scilicet,
845 1555 1250 1635 pauperibus„
1289 1553 1567 1626 mitihuS,
1613 1552 1727 1613 mi-

141 1649 594 1719 sericordibus,
631 1655 778 1720 etc.,
811 1655 876 1710 et
901 1649 1020 1711 sub
1043 1648 1298 1709 nomine
1323 1647 1504 1726 regni
1531 1647 1732 1708 coelo·

143 1762 296 1803 rum
325 1790 342 1816 ,
391 1743 710 1804 filiationis
747 1743 996 1815 divinae,
1037 1748 1198 1813 etc.;
1255 1746 1318 1802 et
1347 1741 1565 1801 Matth.
1613 1742 1716 1811 25,

143 1836 442 1897 eamdem
471 1837 757 1916 intelligit
787 1836 1042 1897 nomine
1073 1834 1275 1915 regni,
1325 1833 1498 1912 quod
1542 1833 1608 1891 in
1646 1831 1720 1892 fi-

147 1930 280 1989 nali
312 1929 620 1991 sententia
647 1928 834 2008 justis
861 1929 1227 1990 retribuitur
1253 1932 1512 2005 propter
1551 1926 1720 1985 bona

143 2040 368 2101 opera.
415 2024 698 2101 Denique
733 2027 882 2085 sunt
917 2022 1154 2099 optima
1197 2020 1370 2081 Pauli
1410 2020 1604 2081 verba
1637 2017 1721 2078 ad

139 2115 384 2175 Coloss.
413 2116 452 2175 3
483 2135 500 2175 :
537 2116 952 2196 Quodcumque
975 2113 1188 2194 fucitis
1212 2159 1230 2186 ‚
1263 2132 1334 2176 em
1359 2114 1558 2175 animo
1587 2129 1722 2193 ope-

141 2210 382 2272 ramini
406 2210 570 2273 sicut
604 2210 886 2281 Domino,
918 2214 978 2273 et
999 2226 1122 2271 non
1150 2206 1506 2279 hominibus,
1533 2206 1722 2269 scien-

141 2310 240 2367 tes
267 2304 426 2383 quod
441 2322 482 2366 a
508 2303 760 2365 Domino
790 2302 1102 2383 accipietis
1129 2301 1579 2364 remeationem
1599 2301 1724 2361 Μ’-

145 2396 456 2459 reditatis.
505 2395 990 2456 ponderandum
1041 2400 1136 2457 est
1183 2396 1352 2457 enim
1391 2393 1546 2453 illud
1585 2411 1722 2453 ver-

151 2490 309 2551 bum
357 2508 370 2549 :
431 2488 848 2570 Quodcumque
890 2489 1098 2559 facitis
1129 2534 1146 2561 ,
1201 2504 1350 2548 nam
1401 2486 1726 2547 evidenter

155 2581 596 2660 complectitur
641 2598 828 2642 omne
867 2600 1026 2661 opus
1053 2581 1116 2642 in
1146 2581 1412 2643 Domino
1441 2580 1672 2640 factum
1703 2622 1718 2651 ‚

151 2675 316 2735 sicut
365 2674 516 2735 dixit
566 2674 926 2735 Concilium.
978 2675 1220 2737 Deinde
1267 2670 1722 2735 advertendum

151 2774 250 2829 est
285 2767 434 2829 illud
463 2768 760 2829 verbum:
790 2768 1261 2832 Retoicutionem
1303 2764 1721 2837 Ita-reditum,-

149 2880 304 2922 nam
370 2880 482 2941 per
547 2860 975 2922 haereditatem
1043 2880 1172 2923 non
1223 2859 1611 2938 significatur
1657 2859 1722 2919 in

153 2955 470 3033 Scriptura
499 2955 622 3015 nisi
659 2955 1009 3016 essentialis
1047 2954 1390 3025 beatitudO,
1439 2970 1580 3031 quae
1608 2970 1724 3030 per

151 3066 220 3107 se
253 3048 463 3128 gratiae
487 3047 848 3128 respondet,
879 3054 950 3109 nt
977 3048 1244 3108 sumitur
1271 3064 1348 3107 ex
1375 3046 1480 3108 illo
1509 3045 1713 3106 Pauli:

157 3141 242 3205 Si·
279 3141 456 3214 Filii,
494 3146 552 3204 ct
590 3143 897 3209 hoeredes.·
945 3147 1009 3204 et
1034 3141 1376 3202 Concilium
1407 3139 1717 3201 Tridenti-

151 3254 306 3295 num
347 3236 410 3295 in
441 3235 626 3296 citato
655 3234 794 3295 loco
835 3235 990 3295 satis
1017 3233 1380 3296 declaravit.
1435 3232 1720 3293 Retribu-

151 3329 388 3388 tionem
416 3345 568 3407 ergo
596 3328 786 3407 hujus
813 3327 1194 3389 haereditatis
1223 3327 1308 3388 ait
1335 3325 1565 3386 Paulus
1589 3343 1720 3384 cer-

149 3422 386 3482 tissime
417 3421 872 3500 expectandam
901 3439 1038 3483 esse
1065 3465 1080 3494 ,
1123 3419 1430 3500 quidquid
1457 3420 1520 3479 in
1549 3420 1715 3494 Deo,

149 3521 212 3575 et
243 3519 498 3592 propter
519 3515 720 3575 Deum
755 3513 1080 3574 faciamve.

230 3610 316 3668 Ac
360 3611 694 3687 propterea
737 3606 1144 3686 Augustinus,
1183 3607 1228 3666 l.
1280 3610 1308 3667 1
1357 3606 1438 3667 de
1467 3606 1714 3679 Trinit.,

147 3719 202 3760 c.
234 3701 296 3770 8,
325 3701 591 3779 loquens
621 3699 702 3762 de
730 3699 968 3761 visione
997 3701 1106 3761 Dei
1137 3699 1296 3760 facie
1327 3698 1408 3759 ad
1435 3698 1658 3760 faciem
1695 3745 1711 3774 ,

145 3793 296 3854 dixit
315 3795 482 3854 illam
515 3793 1110 3873 contemplationem
1135 3792 1412 3872 promitti
1442 3793 1624 3853 nobis
1649 3799 1717 3854 ut

147 3887 339 3947 finem
361 3889 680 3948 actionum
707 3887 1012 3959 omnium,
1061 3893 1122 3948 et
1147 3893 1446 3948 aeternam
1473 3886 1716 3964 perfec-

151 3979 380 4040 tionem
401 3979 772 4058 gaudiorum
794 3980 1075 4040 omnium
1095 3999 1112 4052 ;
1139 3986 1201 4040 et
1229 3979 1390 4040 infra
1411 3979 1532 4040 ait:
1571 3979 1718 4042 Gon·

147 4072 453 4152 temptatio
481 4073 698 4154 quippe
730 4091 956 4136 merces
981 4079 1073 4136 est
1101 4073 1248 4149 fidei
1269 4117 1286 4144 ‚
1339 4072 1438 4136 cui
1459 4074 1719 4136 mercedi

139 4181 254 4246 per
282 4165 455 4244 fidem
493 4166 676 4228 eorda
719 4167 1141 4238 mandentum
1191 4171 1256 4226 et
1292 4183 1347 4225 c.
1397 4166 1520 4226 1οε
1553 4165 1719 4227 Boni

153 4255 352 4337 operis
390 4259 726 4321 transituri
769 4275 992 4322 merces
1035 4264 1124 4321 est
1171 4259 1404 4338 requies
1437 4273 1718 4339 perman-

139 4367 296 4412 sura
313 4374 338 4422 ;
368 4367 482 4428 per
505 4368 664 4430 opus
685 4350 1094 4412 transiturum
1123 4367 1316 4428 opera
1342 4351 1600 4412 Marthae
1629 4351 1718 4412 in-

145 4441 462 4522 telligens,
501 4461 618 4521 per
660 4444 940 4523 requiem
989 4461 1137 4503 vero
1181 4441 1524 4521 perfectam
1568 4461 1719 4505 con-

139 4535 618 4614 templationem
645 4537 893 4609 Mariam
931 4535 1102 4614 quod
1123 4535 1256 4596 fere
1287 4553 1486 4614 usque
1535 4535 1616 4595 ad
1641 4534 1716 4595 fi-

141 4646 290 4688 nem
334 4629 475 4689 libri
516 4630 638 4690 late
681 4629 1100 4709 prosequitur.
1151 4630 1225 4690 Et
1253 4630 1296 4690 l.
1333 4633 1388 4690 1.
1423 4629 1498 4689 de
1529 4629 1714 4689 Mori-

141 4723 264 4781 bus
291 4722 661 4797 ecclesiast.,
695 4741 750 4782 c.
783 4725 822 4783 2
853 4741 867 4781 :
919 4721 1058 4788 Vita
1089 4722 1334 4800 (inquit)
1367 4726 1596 4784 oetcrna
1623 4726 1716 4783 est

139 4831 345 4877 emm
355 4817 704 4894 praemium,
737 4816 914 4894 cvjvs
930 4815 1338 4896 promissione
1355 4815 1707 4895 quademm

139 4913 204 4968 et
231 4908 438 4969 subdit
465 4927 479 4968 ε
515 4909 646 4972 Hic
682 4913 944 4982 sbrtasse
978 4925 1098 4970 non
1133 4910 1462 4990 inconqme
1493 4909 1712 4990 quoeri-

141 5005 248 5063 tur
272 5001 410 5082 ipsa
433 5003 565 5064 vita
592 5007 820 5065 aeterua
842 5001 992 5082 quid
1006 5000 1112 5064 sit.
1153 5001 1546 5080 Respondet:
1589 4999 1719 5064 Sed

139 5094 274 5173 ejvs
299 5095 653 5178 laryitorem
681 5095 1006 5158 audiamus
1048 5119 1071 5154 .·
1112 5095 1272 5158 Haec
1299 5098 1391 5158 est
1419 5111 1556 5174 erqo
1583 5094 1712 5158 vita

139 5193 366 5250 oeterna
383 5234 400 5260 ‚
441 5193 516 5250 ut
546 5191 906 5269 cognoscant
943 5189 1000 5248 te
1025 5187 1222 5249 solmn
1259 5188 1448 5250 Deum
1477 5204 1706 5262 cerum,

140 5283 198 5340 et
224 5297 394 5359 quem
427 5279 657 5343 misisti
683 5281 898 5342 Jesum
928 5279 1238 5344 Christum
1257 5305 1280 5352 ;
1311 5285 1542 5342 oeterna
1565 5297 1708 5360 ergo

137 5371 266 5434 vita
287 5377 382 5434 est
407 5370 664 5453 coquitio
687 5371 992 5436 veritatis.
1035 5372 1232 5451 Igitur
1259 5372 1321 5432 in
1353 5372 1524 5432 omni
1555 5389 1705 5433 vero

3255 414 3373 477 473

1809 538 1990 593 cam,
2050 522 2333 583 omnium
2384 523 2791 603 praemiorum
2844 522 3368 597 accidentalium3

1806 621 2141 693 propterea
2199 618 2366 677 enim
2412 624 2675 679 vocatur
2719 617 2800 677 ab
2850 616 3195 697 Augustino
3244 622 3373 677 tota

1807 725 2075 781 merceS,
2122 728 2233 771 seu
2280 716 2475 771 totum
2508 712 2831 791 praemium
2860 757 2877 783 ,
2925 710 3251 789 quiaillud
3278 716 3372 771 est

1811 803 1984 881 quod
2017 821 2133 881 per
2160 822 2228 865 se
2258 821 2332 864 ac
2360 804 2783 885 principaliter
2810 804 3219 883 promittitur;
3254 822 3371 865 οω-

1809 897 1947 957 tera
1984 896 2225 957 ratione
2264 896 2452 959 illius.

1891 993 1993 1053 43.
2038 992 2149 1055 Ee
2174 992 2329 1073 ipsis
2351 993 2587 1057 vocibus
2606 994 2903 1075 probatur
2928 992 3373 1071 assumptio.—

1812 1085 2189 1165 Echlicatur
2224 1088 2293 1149 in
2336 1086 2597 1150 aureolis
2620 1104 2697 1151 ecc
2728 1086 3027 1150 commum·
3059 1102 3365 1147 consensu.

1809 1210 1892 1225 -·
1915 1180 1991 1241 Et
2026 1197 2245 1241 revera
2282 1181 2416 1259 ipsa
2456 1182 2612 1243 ratio
2660 1187 2725 1242 et
2750 1198 2982 1241 nomen
3005 1178 3245 1258 praemii
3272 1196 3373 1239 ac-

1807 1271 2135 1333 cidentalis
2156 1274 2271 1334 hoc
2297 1292 2424 1354 prae
2458 1293 2525 1337 se
2550 1274 2690 1336 fort.
2722 1276 2881 1337 Nam
2910 1273 3053 1335 idco
3084 1271 3369 1333 acciden-

1805 1364 1949 1425 talis
1978 1365 2223 1439 dicitur,
2255 1368 2401 1445 quia
2444 1375 2515 1431 ut
2542 1369 2835 1430 accidens
2870 1374 2933 1429 et
2966 1366 3145 1447 quasi
3185 1384 3369 1427 orna·

1805 1463 2087 1519 mentum
2122 1461 2379 1522 alterius
2420 1460 2626 1537 datur,
2676 1461 2844 1542 quod
2872 1479 3001 1523 non
3046 1460 3249 1521 solum
3278 1460 3369 1519 in-

1803 1551 2215 1631 telligendum
2268 1560 2363 1615 est
2407 1562 2701 1634 respectu
2741 1572 3058 1635 personae,
3116 1560 3187 1614 ut
3221 1553 3367 1614 dicti

1804 1652 2095 1706 auctores
2132 1646 2423 1709 videntur
2446 1648 2845 1723 intellexisse,
2879 1648 2993 1709 sed
3032 1647 3221 1709 etiam
3266 1665 3369 1709 rc·-

1803 1745 2021 1817 spectu
2060 1741 2511 1819 cujuscumque
2546 1743 2753 1821 operis
2779 1741 3077 1803 meritorii
3110 1742 3189 1801 de
3219 1759 3369 1801 con-

1801 1831 1993 1911 digno
2026 1850 2236 1895 coram
2284 1834 2433 1907 Deo,
2468 1835 2617 1915 quia
2660 1835 2951 1897 omnibus
2992 1840 3054 1895 et
3108 1834 3368 1912 singulis

1801 1925 2101 2005 operibus
2142 1926 2205 1987 in
2256 1928 2391 1989 Deo
2446 1928 2623 1989 factis
2650 1974 2665 1997 ,
2718 1928 2782 1989 id
2816 1934 2945 2001 est,
2992 1927 3369 1989 habentibus

1801 2019 2193 2081 conditiones
2222 2038 2261 2081 a
2292 2022 2564 2083 Concilio
2602 2021 2961 2083 Tridentino
2990 2020 3361 2091 declaratas,

1801 2111 2181 2190 promittitur
2226 2113 2361 2192 ipsa
2403 2132 2647 2176 merces
2690 2114 2827 2175 vitae
2860 2121 3128 2183 aeternoe,
3174 2131 3365 2191 quam

1802 2204 2193 2267 ostendimus
2236 2225 2373 2267 esse
2418 2207 2817 2268 essentialem
2874 2206 3363 2280 beatitudinem,

1804 2316 1916 2360 seu
1970 2306 2381 2377 angmentum
2422 2300 2580 2379 ejus.
2621 2300 2777 2360 Nam
2830 2299 2880 2359 si
2940 2300 3072 2361 haec
3125 2318 3369 2359 merces

1804 2393 2186 2471 promittitur
2212 2392 2388 2453 danti
2401 2398 2623 2472 potum
2643 2409 2823 2471 aqua».
2852 2392 3112 2473 frigidae,
3124 2398 3195 2452 ut
3213 2394 3367 2454 Con-

1803 2484 2019 2545 cilium
2038 2485 2401 2551 declaravit.
2430 2486 2681 2547 cuinam
2715 2485 2887 2565 operi
2912 2485 3228 2545 meritorio
3258 2484 3369 2547 de-

1811 2578 2101 2657 neganda
2124 2584 2219 2641 est
2242 2579 2465 2641 eadem
2488 2583 2773 2640 merces?
2799 2579 2993 2659 Igitur
3018 2580 3262 2658 quoties
3301 2579 3367 2639 in

1805 2671 2122 2749 Scriptura
2140 2673 2585 2751 promittuntur
2606 2671 2916 2751 aliquibus
2940 2672 3235 2751 operibus
3263 2689 3367 2733 ac-

1805 2766 2135 2827 cidentalia
2172 2769 2455 2847 praemia,
2487 2786 2813 2847 nunquam
2834 2767 3185 2829 excluditur
3220 2767 3368 2827 sub-

1803 2860 2095 2921 stantiale
2120 2906 2137 2933 ,
2178 2862 2289 2923 sed
2319 2862 2425 2923 illo
2465 2862 2785 2943 supposito
2828 2860 3171 2922 secundum
3218 2878 3363 2939 pro-

1801 2954 2157 3033 portionem
2206 2962 2267 3017 et
2310 2956 2797 3035 condignitatem
2840 2955 3070 3034 operia,
3114 2954 3233 3014 alia
3260 2972 3366 3013 su-

1801 3048 2239 3127 peradduntur
2278 3055 2581 3128 tanquam
2626 3053 2991 3109 ornamenta
3048 3046 3364 3127 quaedam,

1803 3160 1911 3203 seu
1941 3145 2383 3221 praerogativae.
2422 3145 2497 3204 Et
2536 3145 2655 3204 hoc
2694 3142 2882 3203 modo
2913 3143 3225 3221 explicant
3252 3159 3367 3200 au-

1799 3237 2007 3296 reolas
2062 3237 2407 3316 Martyrum
2437 3283 2453 3309 ,
2504 3239 2843 3300 Doctorum
2900 3241 2965 3298 et
3012 3235 3361 3312 virginum,

1799 3330 2105 3408 Theologi
2124 3347 2367 3402 omnes,
2388 3348 2547 3408 quos
2568 3331 2631 3390 in
2652 3349 2719 3392 re
2734 3330 3025 3391 omnibus
3039 3335 3184 3390 nota
3197 3345 3365 3390 nunc

1800 3422 2037 3484 referre
2102 3441 2641 3502 supervacaneum
2706 3441 2955 3485 censeo.
3005 3423 3151 3496 Quis
3198 3422 3369 3483 enim

1801 3516 2051 3578 illorum
2080 3537 2359 3598 unquam
2389 3518 2545 3580 dixit
2568 3518 2967 3598 adaequatum
2998 3537 3107 3578 seu
3138 3517 3368 3596 princi-

1799 3612 1943 3691 pale
1970 3611 2297 3691 praemium
2348 3612 2659 3692 Martyris,
2698 3612 2873 3672 verbi
2914 3612 3135 3690 gratia,
3170 3629 3369 3689 quan-

1797 3711 1935 3768 tum
1962 3704 2044 3766 ad
2065 3712 2241 3766 actus
2254 3705 2655 3778 fortitudiniS,
2690 3713 2801 3767 aut
2832 3706 3129 3778 Doctoris‚
3170 3723 3368 3784 quan-

1795 3805 1931 3861 tum
1961 3797 2043 3858 ad
2072 3817 2293 3859 omnes
2334 3800 2613 3862 actiones
2642 3799 2907 3860 docendi
2954 3818 3067 3861 seu
3094 3799 3367 3860 scriben-

1798 3891 1886 3964 di,
1934 3897 1996 3952 et
2036 3891 2302 3970 Virginis
2330 3937 2346 3964 ,
2410 3897 2715 3971 quantum
2766 3893 2846 3954 ad
2902 3893 3365 3954 observantiam

1797 3983 2097 4046 castitatis
2152 3991 2215 4045 et
2245 3985 2647 4063 virginitatis,
2680 4003 2819 4046 esse
2861 3986 3025 4046 solas
3071 3985 3364 4046 aureolas

1795 4083 2103 4157 quantum
2130 4077 2211 4138 ad
2246 4079 2546 4158 gaudium
2576 4079 3004 4142 accidentale?

1799 4316 1886 4380 In
1931 4331 2112 4378 suum
2155 4333 2395 4380 sensum
2431 4317 2515 4379 D.
2566 4316 2855 4380 mamam
2905 4316 3159 4379 trahunt
3200 4332 3366 4396 proe-

2333 4405 2486 4472 dicti
2524 4411 2818 4473 auctores.

1875 4631 1975 4691 44.
2008 4629 2161 4694 Sine
2175 4632 2569 4707 fundamento
2592 4632 2847 4694 trahunt
2870 4631 2949 4692 D.
2984 4629 3270 4693 rhomam
3296 4629 3365 4692 in

1792 4739 2036 4785 sensum
2064 4723 2299 4786 omnino
2321 4725 2573 4803 falsum.
2590 4724 2819 4784 —Non
2851 4721 3078 4783 desunt
3102 4722 3364 4800 quidam

1793 4814 1898 4894 qui
1927 4815 2047 4876 hoc
2075 4815 2303 4894 dogma
2324 4816 2397 4876 D.
2417 4815 2671 4876 Thomae
2698 4815 3061 4889 attribuant,
3092 4833 3167 4876 eo
3193 4815 3363 4894 quod

1791 4907 2109 4970 interdum
2136 4909 2305 4970 dicat
2330 4909 2393 4968 in
2428 4909 2727 4987 operibus
2754 4909 3087 4971 meritoriis
3114 4909 3363 4988 quanti-

1793 5007 1987 5064 tatem
2036 5003 2243 5064 meriti
2282 5003 2495 5080 quoad
2532 5002 2863 5082 praemium
2907 5003 3241 5064 essentiale
3268 5007 3363 5064 at-

1793 5095 1964 5156 tendi
1996 5113 2073 5154 ex
2098 5094 2426 5170 charitate,
2456 5095 2667 5174 quoad
2696 5095 3085 5157 accidentale
3112 5113 3261 5157 vero
3284 5113 3363 5156 ex

1789 5188 2047 5267 propria
2089 5188 2371 5250 bonitate
2400 5188 2645 5249 virtutis
2686 5188 2943 5249 moralis
2967 5233 2983 5262 ,
3014 5193 3085 5248 ut
3118 5193 3361 5248 constat

1791 5283 1820 5341 1
1854 5297 1947 5359 p.‚
1976 5287 2191 5359 quoest.
2218 5282 2321 5353 95,
2352 5287 2468 5341 art.
2496 5282 2557 5355 4,
2590 5289 2653 5344 et
2682 5284 2711 5342 1
2739 5280 2821 5342 ad
2840 5280 3009 5351 Cor„
3036 5281 3183 5342 lect.
3212 5285 3273 5353 Ξ,
3297 5285 3361 5342 et

1789 5373 1870 5434 ad
1891 5375 2071 5433 Rom.
2111 5375 2173 5446 9,
2205 5373 2346 5434 lect.
2394 5374 2454 5434 5.
2509 5373 2655 5445 Quae
2699 5374 2839 5434 loca
2878 5372 3023 5434 dicti
3070 5379 3359 5433 auctores

141 5464 360 5524 merito
389 5463 468 5524 de
497 5463 812 5544 condigno
837 5464 1008 5544 apud
1038 5465 1276 5539 Deum,
1323 5463 1442 5524 hoc
1469 5470 1564 5524 est
1591 5481 1706 5541 po-
1783 5465 1872 5525 ita
1925 5471 2272 5545 exponunt,
2330 5465 2604 5538 scilicet,
2652 5465 3029 5528 intellexisse
3067 5467 3143 5527 D.
3195 5466 3361 5526 Tho-

141 5555 420 5619 nendum
465 5561 766 5639 tanquam
813 5557 1318 5645 fundamentum,
1367 5561 1434 5617 ut
1479 5555 1570 5616 sic
1615 5556 1704 5618 di·
1785 5574 1983 5631 mam,
2020 5563 2198 5620 actus
2226 5558 2509 5620 omnium
2550 5558 2877 5634 virtutum,
2909 5559 3095 5621 etiam
3118 5558 3357 5620 infusa·-
