3850 6225
682 388 855 443 ssse‘r.
888 392 926 442 l.
964 390 1177 443 maun
1207 390 1443 443 tlt-:mu
1478 390 1831 442 vlvmcaTA
1866 390 2157 451 VALEANT
2190 391 2273 441 Ao
2307 387 2636 453 pauentum,
2671 390 2805 441 mc.
3228 386 3338 447 471

84 501 416 561 oausam,
448 489 595 551 licet
616 488 863 567 singula
886 508 1079 569 opera
1110 496 1319 551 essent
1342 489 1705 569 dignissima

92 584 267 643 toto
294 582 405 643 illo
430 582 713 661 praemio,
748 582 915 661 quod
948 583 1239 645 omnibus
1268 583 1453 643 simul
1480 582 1557 645 de
1578 582 1705 643 fac·

90 678 171 733 to
202 675 689 755 correspondet,
720 682 782 737 et
808 676 1006 736 multo
1026 676 1249 755 majori
1274 677 1337 735 in
1366 675 1701 746 infinitum,

90 766 195 829 de
240 769 415 831 facto
440 775 653 831 tamen
682 787 811 829 non
836 770 923 831 ita
943 768 1201 831 fuerunt
1227 769 1435 830 oblata
1460 773 1524 830 et
1542 768 1707 829 ordi-

88 868 281 923 nata
322 862 435 923 illa
476 880 667 942 opera
694 863 777 923 ad
818 863 943 923 tale
968 863 1301 941 praemium
1331 857 1705 941 per'Christi

92 957 437 1019 merentis
462 957 871 1030 voluntatem,
917 958 1389 1019 subordinatam
1414 956 1599 1017 etiam
1644 955 1707 1015 in

96 1048 251 1110 hoe
280 1050 511 1111 divinas
534 1050 833 1111 voluntati
877 1051 965 1111 ita
998 1050 1309 1111 ordinanti
1344 1055 1407 1111 et
1444 1047 1711 1128 promit-

98 1144 285 1205 tenti
318 1145 647 1223 preamium
674 1164 693 1215 ;
738 1145 909 1223 quod
936 1145 1169 1206 factum
1197 1151 1311 1218 est,
1344 1143 1443 1205 vel
1466 1144 1548 1205 ad
1577 1159 1713 1203 ma-

92 1236 337 1313 jorem
370 1237 844 1310 abundantiam,
876 1239 976 1298 vel
1004 1237 1085 1297 ad
1106 1236 1365 1317 majoris
1394 1237 1711 1301 charitatis

102 1330 591 1403 ostensionem,
622 1331 719 1391 vel
752 1331 943 1393 etiam
972 1348 1055 1391 ne
1100 1331 1163 1389 in
1190 1330 1431 1391 ratione
1474 1331 1705 1403 meriti,

100 1423 229 1481 vel
272 1423 717 1485 satisfactionis
754 1423 1118 1485 viderentur
1146 1423 1463 1502 superflua
1490 1430 1701 1502 poste·

103 1516 297 1577 riora
326 1535 547 1595 opera,
576 1517 627 1577 si
666 1517 877 1596 priora
916 1523 1127 1577 essent
1154 1522 1475 1594 acceptata
1498 1516 1581 1577 ad
1609 1523 1707 1577 to-

104 1614 261 1669 tum
284 1610 621 1687 praemium
644 1611 884 1688 absque
914 1615 1203 1689 respectu
1223 1610 1305 1669 ad
1332 1608 1704 1688 posteriora.

106 1703 197 1763 Et
230 1702 383 1763 ideo
418 1703 483 1763 in
510 1704 751 1764 Christo
792 1704 1059 1764 Domino
1104 1702 1222 1763 fuit
1266 1701 1449 1762 altior
1482 1701 1709 1762 modus

109 1795 447 1857 inferendi
476 1796 687 1857 omnia
714 1814 908 1877 opera
930 1814 1043 1857 sua
1074 1796 1156 1857 ad
1184 1796 1473 1856 effectum
1505 1795 1709 1855 meriti

108 1890 223 1951 vel
254 1890 721 1953 satisfactionis.
762 1893 921 1951 Nam
949 1891 1013 1951 in
1062 1890 1263 1969 primo
1292 1889 1543 1950 instanti
1580 1908 1709 1949 suae

106 1972 561 2063 conceptionis
590 1984 811 2045 obtulit
836 2002 1090 2045 omnem
1142 2001 1545 2063 progressum
1574 1983 1713 2043 vitae

108 2096 261 2139 suae
284 2096 489 2155 usque
519 2078 599 2137 ad
626 2084 917 2150 mortem,
955 2084 1259 2155 tanquam
1286 2094 1485 2137 unum
1514 2080 1575 2137 et
1614 2076 1711 2135 iu-

107 2176 383 2249 tegrum
416 2171 712 2231 meritum
739 2188 869 2231 suae
909 2170 1241 2245 mei-cedia,
1291 2187 1481 2250 quam
1510 2168 1710 2229 noluit

110 2263 251 2325 sibi
304 2263 445 2325 dari
494 2267 751 2342 propter
800 2263 1049 2341 singula
1108 2282 1305 2342 opera
1331 2307 1347 2335 ,
1406 2268 1705 2341 tanquam

110 2363 395 2437 propter
426 2357 787 2435 adaequatos
812 2357 1045 2429 tituloS,
1064 2357 1175 2417 sed
1202 2362 1457 2435 propter
1484 2355 1710 2416 collec-

112 2452 375 2513 tionem
404 2451 686 2513 omuium
716 2470 829 2530 per
856 2450 1115 2511 modum
1136 2450 1344 2523 uniuS,
1370 2454 1431 2509 et
1450 2456 1710 2527 propter

117 2544 385 2625 singula
408 2588 425 2617 ,
454 2550 525 2605 ut
558 2544 995 2605 concurrentia
1044 2544 1127 2603 ad
1167 2543 1343 2603 illum
1386 2542 1711 2601 cumulum

118 2637 612 2717 integ-randum3
669 2654 809 2715 quae
856 2636 1091 2709 omnia,
1137 2636 1287 2715 quia
1324 2635 1469 2695 alibi
1524 2634 1710 2695 latius

118 2738 280 2793 sunt
324 2731 643 2792 declarata
686 2737 748 2791 et
790 2730 1079 2809 probata,
1122 2730 1223 2791 hic
1270 2729 1539 2807 amplius
1582 2746 1706 2787 non

120 2824 609 2887 confirmantur.
656 2826 747 2884 Ex
788 2824 881 2885 eis
911 2829 1127 2885 tamen
1171 2822 1431 2901 intelligi
1476 2826 1704 2901 potest,

124 2919 327 2980 etiam
352 2918 417 2977 in
445 2916 685 2977 meritis
698 2917 947 2989 Christi,
970 2922 1155 2994 prout
1169 2916 1247 2977 de
1270 2915 1435 2975 facto
1464 2915 1709 2975 institu-

120 3019 193 3073 ta
220 3018 291 3073 et
312 3012 599 3073 ordinata
620 3012 897 3084 fuerunt,
920 3029 1049 3071 non
1079 3011 1273 3071 fuisse
1303 3010 1519 3070 datum
1538 3008 1709 3069 idem

118 3108 463 3188 praemium
497 3114 753 3188 propter
792 3108 1037 3170 diversa
1082 3106 1305 3168 merita
1333 3105 1572 3176 totalia,
1616 3124 1711 3166 se-

124 3201 421 3262 cundum
440 3200 717 3260 divinam
740 3199 1221 3272 ordinationem,
1253 3204 1314 3259 et
1340 3198 1711 3259 relationem

126 3295 445 3356 merentis
476 3313 489 3353 :
525 3294 637 3356 sed
664 3295 785 3354 hoc
811 3294 1021 3372 potius
1070 3294 1297 3354 vitasse
1342 3293 1541 3352 Deum
1572 3298 1713 3354 tan-

128 3408 333 3470 quam
360 3388 575 3450 minus
608 3406 983 3467 congruum,
1018 3387 1353 3466 minusque
1388 3390 1719 3446 consenta-

128 3502 333 3544 neum
364 3482 705 3560 aequalitati
727 3481 1005 3560 Justitioe‚
1024 3497 1409 3559 quanquam,
1438 3479 1585 3558 quia
1612 3479 1717 3538 illa

128 3593 337 3656 opera
366 3575 521 3636 talia
546 3582 745 3646 erant,
778 3578 847 3635 ut
880 3573 1125 3635 nullum
1152 3591 1291 3634 esse
1320 3577 1533 3652 posset
1560 3589 1719 3650 prae-

131 3670 343 3730 mium
386 3668 547 3731 adeo
589 3667 873 3746 dignum,
920 3667 1074 3744 quin
1108 3671 1307 3726 totum
1348 3665 1465 3726 sub
1492 3664 1716 3725 merito

136 3761 479 3842 cujuslibet
510 3761 717 3840 operis
754 3758 983 3830 cadere
1030 3765 1263 3836 posset,
1299 3758 1441 3820 ideo
1472 3758 1717 3818 ordina-

132 3863 273 3918 tum
300 3862 401 3917 est
440 3860 511 3916 ut
552 3855 763 3916 omnia
810 3860 872 3915 et
914 3853 1161 3934 sing-ula
1205 3853 1592 3914 referrentur
1636 3851 1715 3912 ad

138 3956 346 4011 totum
390 3947 737 4027 praemium,
784 3965 909 4008 non
944 3953 1156 4006 tamen
1192 3963 1389 4006 unum
1436 3946 1568 4006 sine
1614 3963 1715 4006 re-

138 4049 369 4122 spectu
420 4048 485 4104 et
535 4041 845 4102 consortio
898 4040 1185 4100 aliorum.
1244 4041 1447 4118 Atque
1496 4039 1583 4098 ita
1638 4057 1715 4098 ex

136 4137 375 4198 Christi
392 4135 681 4214 exemplo
709 4135 917 4213 potius
946 4132 1317 4204 excluditur,
1346 4150 1537 4209 quam
1566 4149 1717 4192 con-

134 4231 457 4302 firmetur,
486 4227 590 4290 ille
632 4227 857 4288 modus
894 4226 1263 4306 proemiandi
1289 4225 1473 4304 plura
1492 4225 1717 4286 merita

138 4324 483 4401 adaequate
506 4327 569 4382 et
590 4319 863 4382 totaliter
896 4319 1119 4382 eodem
1140 4318 1422 4398 praemio,
1458 4335 1717 4396 praeser-

136 4417 255 4478 tim
282 4416 355 4476 in
380 4413 619 4474 meritis
646 4419 709 4474 et
740 4413 1009 4506 prtpmiis
1048 4411 1303 4472 omnino
1338 4410 1548 4470 finitis·

236 4613 537 4688 Qomodo
600 4609 1019 4716 scuticndmu
1034 4610 1105 4671 de
1163 4608 1633 4671 accidentalibus

776 4720 1070 4785 proemus.

232 4881 335 4942 38.
384 4880 465 4942 Ut
489 4895 639 4939 vero
686 4877 821 4936 hoec
864 4875 1023 4936 ratio
1080 4872 1432 4952 explicandi
1458 4871 1719 4950 praemia

140 4977 464 5053 justorum
502 4971 714 5030 minus
762 4969 1007 5046 ingrata
1051 4972 1113 5028 et
1161 4965 1541 5026 incredibilis
1586 4963 1715 5040 fiat,

148 5065 397 5128 addunt
448 5063 723 5142 praedicti
776 5067 1067 5122 auctores
1116 5062 1441 5138 proemium
1482 5064 1721 5118 nostro-

148 5178 295 5222 rum
334 5174 599 5238 operum
642 5173 771 5216 non
818 5154 1157 5226 consistere
1192 5158 1433 5214 tantum
1471 5151 1535 5211 in
1564 5169 1723 5229 prae-

150 5254 279 5314 mio
310 5249 653 5322 essentiali,
698 5266 817 5310 nec
854 5247 1157 5325 majorem
1208 5243 1570 5306 mercedem
1612 5249 1721 5303 aut

154 5345 423 5426 gloriam
458 5342 799 5404 consistere
844 5357 1094 5418 semper
1125 5339 1199 5399 in
1241 5335 1593 5417 perfectiori
1634 5336 1722 5396 vi-

156 5439 377 5510 sione;
413 5437 535 5497 hoc
562 5434 732 5496 enim
767 5433 1123 5512 (inquiunt)
1152 5432 1429 5511 cogitare
1470 5429 1722 5490 rudissi-

156 5549 409 5600 morum
447 5528 776 5596 hominum
806 5533 923 5602 est,
960 5532 1021 5586 et
1050 5525 1217 5594 viam
1244 5523 1495 5610 spiritus
1521 5521 1723 5586 omni-

1788 508 1871 551 no
1919 488 2390 569 ignorantium;
2449 488 2674 549 sufficit
2723 490 2888 550 enim
2940 490 3242 552 excedere
3291 492 3354 551 in

1787 582 1985 662 gloria
2021 580 2411 654 accidentali,
2442 581 2676 643 caeteris
2706 582 2980 660 paribus.
3005 584 3080 643 Et
3097 584 3215 645 hac
3243 603 3343 645 oc—

1769 678 2036 762 ·casione
2067 681 2457 755 exaggerant
2485 693 2562 736 ea
2589 694 2730 754 quae
2773 676 2850 735 de
2891 678 3162 754 praemiis
3189 680 3349 739 acci·

1786 770 2142 831 dentalibus
2223 775 2288 831 et
2361 769 2631 831 aureolis
2695 768 3025 829 beatorum
3097 771 3360 835 tradunt

1786 863 2116 941 Theologi,
2162 863 2226 924 in
2267 865 2330 935 4,
2375 861 2516 923 dist.
2565 864 2665 923 47.
2715 863 2806 923 Ex
2853 879 2983 938 quo
3037 863 3355 939 inferunt,

1789 956 2076 1036 quamvis
2105 954 2436 1017 multitudo
2471 959 2748 1027 actuum,
2787 955 2975 1017 etiam
3007 956 3352 1017 elicitorum
3421 976 3426 981 ·

1792 1051 2032 1129 abipsa
2061 1051 2382 1121 charitate,
2407 1068 2520 1129 per
2547 1067 2618 1109 se
2647 1067 2776 1109 non
2807 1049 3096 1111 conferat
3117 1050 3202 1111 ad
3227 1070 3358 1111 ma-

1787 1144 1996 1223 jorem
2023 1144 2330 1205 visionem
2356 1142 2733 1217 beatificam,
2765 1161 2904 1221 quae
2931 1144 3227 1205 nimirum
3257 1163 3357 1207 ex-

1792 1239 1976 1301 cedat
2009 1239 2427 1300 intensionem
2457 1245 2708 1300 actuum
2753 1238 3024 1305 illorum.
3077 1238 3359 1301 conferre

1790 1337 2006 1393 tamen
2029 1332 2112 1392 ad
2140 1332 2446 1410 majorem
2475 1331 2738 1411 gloriam
2767 1331 3148 1409 simpliciter,
3167 1337 3356 1410 atque

1796 1426 1956 1487 adeo
2004 1426 2086 1486 ad
2127 1426 2332 1504 majus
2385 1426 2712 1504 praemium
2742 1470 2758 1497 ,
2801 1425 2947 1503 quia
2991 1425 3230 1486 confert
3277 1427 3358 1487 ad

1794 1520 2002 1597 majus
2029 1520 2353 1597 praemium
2399 1517 2804 1581 accidentale.
2857 1518 3026 1596 quod
3078 1519 3356 1579 consistit

1792 1613 1859 1673 in
1908 1613 2163 1692 speciali
2215 1612 2445 1693 gaudio
2477 1612 2815 1683 ethonore
2863 1630 2940 1671 ex
2983 1610 3101 1671 illis
3147 1612 3356 1691 operi-

1789 1706 1935 1767 bus.

1874 1803 1974 1862 39.
2021 1799 2440 1864 Accidentalia
2463 1800 2722 1880 proemia
2748 1818 2866 1861 non
2914 1802 3239 1864 excludunt
3267 1821 3355 1865 es-

1789 1895 2462 1959 sentiae-Probatur
2491 1912 2565 1957 ea
2602 1894 2862 1957 Concilio
2895 1895 3356 1957 Tridentino.—

1793 1989 1919 2053 Sed
1957 1990 2094 2049 haec
2121 1989 2334 2049 omnia
2377 1994 2562 2049 erunt
2592 2006 2764 2059 vera,
2799 1989 2848 2049 si
2881 2006 3028 2048 cum
3065 1989 3165 2049 his
3199 1990 3360 2049 acci-

1792 2082 2148 2143 dentalibus
2164 2082 2460 2161 praemiis,
2489 2086 2550 2141 et
2577 2081 2828 2141 illorum
2845 2088 3208 2160 augmento,
3227 2100 3354 2141 non

1793 2176 2160 2237 excludatur
2187 2175 2512 2254 praemium
2559 2174 2912 2245 essentiale,
2961 2181 3024 2235 et
3061 2193 3360 2253 angmen-

1790 2273 1925 2330 tum
1969 2269 2128 2347 ejuS.
2164 2268 2318 2339 Quia
2343 2286 2492 2327 vero
2521 2267 2588 2327 in
2623 2285 2766 2327 eum
2797 2267 2990 2327 finem
3023 2268 3231 2328 afferri
3267 2268 3360 2327 vi—

1791 2362 2041 2434 dentur,
2065 2369 2136 2422 ut
2166 2360 2532 2421 excludatur
2557 2360 2764 2439 majus
2795 2361 3119 2439 praemium
3147 2379 3358 2421 essen-

1790 2455 1960 2526 tiale,
1986 2460 2048 2516 et
2074 2458 2486 2533 augmentum
2515 2454 2676 2532 eiua,
2705 2452 2787 2513 ab
2801 2454 3090 2514 omnibus
3115 2454 3356 2515 actibus

1792 2548 2148 2621 meritoriis,
2175 2547 2275 2606 vel
2303 2565 2436 2614 non
2461 2546 2680 2607 elicitis
2711 2566 2746 2607 a
2777 2548 3100 2619 charitate,
3125 2548 3225 2607 vel
3251 2548 3359 2608 eli-

1794 2642 1930 2703 citis
1985 2642 2064 2701 ab
2118 2640 2342 2702 eadem
2396 2640 2696 2702 charitate
2738 2659 2866 2700 non
2909 2641 3356 2703 intensioribus

1790 2734 1951 2813 ipsa,
1982 2734 2124 2795 ideo
2153 2734 2335 2794 nobis
2363 2752 2490 2793 non
2521 2734 2889 2811 probantur,
2931 2753 3046 2795 nec
3084 2735 3358 2795 toleran-

1791 2827 1871 2888 da
1918 2826 2229 2888 videntur.
2275 2827 2434 2886 Nam
2472 2826 2726 2887 omnino
2777 2845 2995 2887 verum
3045 2827 3357 2888 existima·-

1789 2940 1956 2994 muS,
1990 2922 2178 2982 etiam
2203 2938 2318 2998 per
2345 2927 2522 2981 actus
2555 2920 3064 2999 supernaturales
3093 2921 3358 2982 aliarum

1790 3014 2091 3074 virtutum
2135 3014 2362 3075 mereri
2405 3032 2523 3075 nos
2573 3014 2764 3073 vitam
2797 3020 3120 3085 aeternam,
3155 3019 3218 3073 et
3253 3030 3357 3071 au·

1793 3113 2118 3184 gmentum
2135 3106 2348 3184 gratiae
2366 3114 2426 3168 et
2443 3107 2678 3186 glorioe.
2696 3106 3032 3167 Concilium
3054 3106 3360 3168 enimTri-

1792 3199 2120 3260 dentinum
2149 3218 2275 3260 non
2303 3200 2457 3261 dixit
2480 3205 2720 3261 tantum
2739 3219 2751 3259 :
2771 3200 3158 3269 Amantibus,
3191 3200 3304 3260 sed
3340 3218 3353 3259 :

1793 3293 1958 3356 Bene
1999 3293 2381 3374 operantibus
2419 3313 2605 3374 usque
2643 3292 2712 3355 in
2747 3297 2929 3374 finem
2953 3339 2968 3366 ‚
3029 3300 3086 3356 et
3123 3293 3192 3354 in
3237 3295 3358 3356 Deo

1795 3387 2204 3467 sperantibus,
2227 3389 2616 3469 proponenda
2640 3391 2733 3449 est
2759 3388 2891 3450 vita
2915 3391 3164 3456 oeterna,
3199 3391 3351 3457 etc.;

1800 3485 1861 3540 et
1884 3478 2046 3540 infra
2072 3498 2085 3538 ε
2112 3480 2432 3560 Tanquam
2475 3497 2694 3542 merces
2737 3497 2810 3542 ea
2851 3480 3049 3558 ipsius
3079 3480 3195 3542 Dei
3217 3497 3360 3557 pro-

1795 3574 2084 3636 missione
2109 3575 2276 3636 bonis
2305 3574 2580 3654 ipsorum
2616 3573 2890 3653 operibus
2937 3578 2994 3634 et
3028 3573 3263 3634 meritis
3281 3575 3363 3650 fi-

1798 3666 2014 3726 deliter
2051 3666 2388 3738 reddenda‚·
2432 3682 2559 3724 non
2607 3664 2759 3726 dixit
2799 3669 3077 3724 tantum:
3109 3663 3359 3726 Actibus

1796 3757 2166 3832 dilectionis,
2209 3757 2321 3818 sed
2356 3775 2369 3816 ε
2415 3757 2610 3818 Bonis
2653 3758 2950 3837 operibus,
3003 3757 3081 3817 de
3134 3757 3361 3835 quibus

1796 3869 2016 3912 rursus
2045 3850 2282 3911 subdit:
2323 3849 2466 3924 Quoe
2493 3849 2689 3911 virtus
2717 3868 2948 3929 semper
2973 3850 3124 3912 bona
3160 3867 3362 3912 eorum

1798 3961 1979 4025 opera
2021 3944 2341 4016 antecedit,
2385 3941 2728 4017 comitatur,
2765 3947 2824 4004 et
2870 3942 3275 4022 subsequitur,
3307 3947 3365 4004 et

1794 4035 1923 4099 sine
1949 4054 2068 4116 qua
2094 4035 2262 4096 nullo
2285 4042 2456 4116 parto
2493 4036 2615 4096 Deo
2641 4040 2826 4117 yrata
2853 4039 2910 4098 et
2937 4033 3250 4096 meritoria
3269 4053 3360 4096 es-

1796 4148 1861 4192 se
1879 4135 2163 4209 possunt.
2213 4128 2330 4190 Ubi
2375 4128 2695 4188 evidenter
2732 4127 3007 4206 loquitur
3047 4127 3126 4187 de
3164 4127 3380 4187 omni--

1796 4223 1917 4285 bus
1948 4222 2242 4300 operibus
2271 4220 2851 4300 supernaturalibus
2879 4219 3150 4281 hominis
3182 4220 3359 4299 justi,

1798 4314 1879 4374 ad
1909 4332 2050 4393 quae
2097 4319 2246 4374 sunt
2289 4313 2646 4374 necessaria
2691 4313 2798 4373 illa
2845 4313 3058 4392 gratiae
3108 4313 3358 4372 auxilia.

1798 4407 2034 4480 Quibus
2082 4406 2319 4485 positia,
2365 4406 2576 4466 subdit
2617 4405 2980 4477 Concilium,
3027 4405 3182 4468 nihil
3207 4404 3365 4486 ipsis

1782 4499 2160 4581 justificatis
2193 4501 2386 4562 deesse
2415 4499 2730 4579 quominus
2754 4498 2884 4560 illis
2907 4499 3201 4578 operibus,
3235 4518 3366 4580 quae
3399 4577 3412 4586 ι

1796 4595 1820 4654 i
1824 4612 1865 4654 n
1882 4595 2004 4654 Deo
2023 4596 2169 4654 sunt
2179 4594 2599 4666 facta,divinoe
2613 4593 2734 4672 leyi
2749 4609 2858 4669 pro
2875 4591 3059 4670 hujus
3076 4592 3220 4654 vitoe
3241 4598 3366 4656 sta·

1798 4690 1867 4749 tu
1893 4685 2286 4764 satisfecisse,
2305 4691 2364 4748 et
2382 4686 2575 4746 vitam
2595 4689 2882 4746 oeternam
2899 4700 3007 4746 suo
3025 4681 3203 4746 etiam
3227 4689 3369 4746 tem-

1793 4795 1962 4857 pore,
1984 4779 2042 4840 si
2068 4782 2265 4841 tamen
2289 4775 2357 4838 in
2373 4777 2584 4859 qratia
2606 4774 2988 4847 decesserint,
3021 4793 3368 4856 consequen-

1800 4871 1942 4934 dam
1979 4888 2111 4932 cere
2135 4867 2539 4950 promeruisse
2575 4873 2951 4930 censeantur.
2986 4868 3100 4930 Ubi
3141 4886 3360 4946 expen-

1804 4963 1909 5036 do,
1939 4961 2158 5026 eisdem
2186 4962 2462 5043 operibus
2499 4963 2566 5024 in
2595 4963 2719 5024 Deo
2755 4961 2942 5038 factis
2971 4960 3184 5041 quibus
3207 4978 3371 5040 prce-

1804 5060 1976 5134 cepta
2019 5055 2358 5135 implemus,
2388 5072 2522 5117 cere
2557 5053 2778 5115 mereri
2821 5070 2930 5114 nos
2971 5053 3160 5124 citam
3199 5064 3371 5114 oecer-

1802 5167 1986 5222 naam
2024 5148 2358 5226 implemus
2387 5155 2598 5208 autem
2642 5147 2850 5208 divina
2893 5147 3214 5216 mandata,
3245 5163 3368 5204 non

1804 5242 2011 5302 solum
2038 5241 2279 5303 actibus
2324 5260 2360 5304 a
2409 5241 2708 5302 charitate
2750 5239 2991 5310 elicitis,
3025 5237 3136 5299 sed
3179 5237 3366 5296 etiam

1802 5335 2044 5398 actibus
2085 5335 2350 5395 aliarum
2403 5334 2734 5406 virtutum;
2778 5349 2896 5392 nec
2939 5329 3085 5390 solis
3127 5330 3370 5389 actibus

1801 5428 2086 5502 intensiS,
2129 5427 2242 5488 sed
2274 5427 2462 5488 etiam
2492 5425 2768 5486 remissis
2813 5423 3112 5484 mandata
3155 5422 3372 5504 imple-

1802 5539 1965 5582 mus.
