3850 6225
554 393 634 454 40

556 499 773 562 habuit
812 501 925 564 sibi
969 504 1221 566 omnino
1280 509 1699 570 necessariam
1752 509 1833 570 ad
1880 509 2114 588 aliquid

554 593 923 667 volendum;
968 615 1143 676 ergo,
1199 599 1421 661 eadem
1455 603 1718 676 ratione,
1773 603 1820 663 si
1854 604 2114 681 recipiat

559 689 1141 750 determinationem
1182 691 1263 751 ad
1294 693 1655 768 nolendum,
1705 697 1879 756 nullo
1922 696 2110 756 modo

556 787 761 860 potest
797 782 853 842 ei
879 783 1197 844 moraliter
1226 787 1499 860 attribui,
1532 789 1699 865 quod
1728 807 1867 850 eam
1893 789 2115 849 volun-

560 881 749 936 tatem
792 892 919 934 non
948 875 1276 950 habuerit;
1312 879 1457 956 quia
1486 899 1694 959 neque
1734 881 2114 943 determina-

558 968 792 1029 tionem
818 968 1035 1028 habuit
1058 969 1137 1028 ad
1156 971 1319 1030 illam
1348 973 1725 1046 habendam,
1744 993 1952 1052 neque
1979 976 2110 1037 sine

562 1061 663 1121 illa
692 1061 1209 1126 determinatione
1239 1065 1429 1126 talem
1466 1067 1825 1130 volitionem
1876 1070 2110 1131 habere

560 1153 779 1234 potuit.

1060 1261 1419 1346 Aliquorum
1436 1268 1610 1348 fuya.

640 1435 699 1493 4.
723 1433 1050 1513 Rc‘jicitur.
1082 1467 1163 1480 —
1190 1437 1325 1496 Non
1358 1437 1558 1499 deerit
1584 1437 1845 1500 fortasse
1868 1440 1972 1519 qui
1995 1441 2114 1501 hoc

558 1526 695 1586 loco
740 1527 1154 1605 respondeat,
1204 1529 1336 1590 sine
1397 1531 1691 1608 praedicta
1736 1533 2118 1594 determina-

560 1620 726 1679 tione
748 1638 929 1698 posse
951 1622 1203 1700 quidem
1227 1623 1605 1684 voluntatem
1630 1631 1902 1686 creatam
1929 1626 2110 1699 velle,

563 1731 885 1788 nunquam
931 1720 1141 1775 tamen
1198 1733 1334 1775 esse
1383 1717 1733 1778 volituram.
1787 1719 1909 1780 Sed
1967 1737 2116 1798 quo-

560 1805 732 1865 niam
776 1805 911 1866 haec
946 1808 1270 1884 responsio
1312 1809 1539 1886 sa‘pius
1582 1812 2110 1884 accommodatur,

564 1917 640 1959 ex
688 1899 967 1978 professo
1012 1905 1105 1960 est
1148 1901 1571 1981 impugnanda
1628 1904 1807 1978 infra,
1853 1925 1991 1985 cap.
2041 1907 2115 1966 12

562 1991 748 2071 hujus
796 1991 959 2066 libri,
1012 1999 1074 2053 et
1120 1993 1301 2054 latius
1345 1995 1451 2054 lib.
1503 1997 1557 2070 3,
1612 2017 1664 2057 c.
1715 1999 1775 2058 8.
1812 1999 1919 2058 Hic
1965 2019 2114 2080 ergo

558 2085 730 2144 nullo
782 2085 1231 2164 probabilitatis
1271 2087 1475 2148 colore
1512 2092 1970 2154 accommodari
2004 2111 2116 2171 po·

562 2185 719 2250 test,
755 2178 899 2258 quia
942 2180 1327 2257 praecipuum
1360 2180 1835 2244 fundamentum
1876 2191 2116 2246 contra—

562 2273 665 2334 rioe
697 2274 1016 2334 sententiae
1045 2281 1137 2334 est
1166 2275 1567 2348 voluntatem,
1586 2297 1713 2338 non
1742 2279 2115 2340 determina-

562 2373 689 2427 tam
721 2367 801 2427 ab
830 2367 975 2438 alio,
1009 2386 1145 2428 csse
1181 2387 1295 2446 per
1326 2389 1391 2430 se
1428 2371 1903 2434 insufficientem
1937 2375 2016 2434 ad
2045 2393 2114 2436 se

564 2459 1147 2535 (leterminandum;
1204 2481 1352 2542 ergo
1400 2463 1531 2525 sine
1572 2465 1698 2524 ulla
1740 2468 2118 2528 determina-

559 2553 726 2613 tione
746 2552 1032 2614 voluntas
1061 2573 1187 2616 non
1216 2555 1417 2616 solum
1447 2575 1571 2616 non
1592 2559 1777 2632 volet,
1796 2560 1905 2620 sed
1929 2562 2117 2620 etiam

563 2665 678 2706 nec
708 2645 865 2706 velle
913 2648 1157 2725 poterit.
1218 2649 1453 2709 Deinde
1500 2651 1634 2710 brec
1680 2651 2116 2714 determinatio

563 2739 784 2828 dicitur
831 2759 967 2801 esse
1012 2742 1390 2815 necessaria,
1434 2749 1503 2804 ut
1545 2743 1757 2804 ultimo
1806 2747 2118 2825 compleat

564 2833 855 2893 virtutem
898 2834 1123 2912 agendi
1166 2853 1366 2896 eausae
1412 2838 1747 2915 proximam
1798 2857 1947 2918 ergo
1983 2840 2115 2901 sine

566 2927 667 2985 illa
706 2945 830 2986 non
862 2931 1066 3005 potest
1096 2947 1303 3006 agere.
1338 2931 1641 3004 Tandem,
1672 2938 2010 3010 utcumque
2041 2933 2118 2994 sit

562 3021 935 3094 necessaria,
971 3021 1021 3079 si
1051 3038 1177 3080 non
1206 3022 1472 3082 habetur
1498 3041 1613 3084 nec
1641 3024 1855 3084 haberi
1888 3031 2112 3104 potest,

565 3113 767 3172 omnis
816 3119 1130 3192 potestaS‚
1190 3132 1329 3193 quae
1383 3116 1683 3177 voluntati
1736 3118 2112 3193 attribuitur,

565 3206 681 3266 erit
736 3224 907 3268 mere
960 3207 1217 3287 physica
1274 3214 1335 3269 et
1389 3216 1665 3281 remota,
1716 3230 1843 3271 non
1904 3218 2114 3272 autem

562 3300 842 3377 proxima
871 3306 935 3361 et
958 3301 1231 3374 moraliS‚
1268 3320 1405 3381 quoe
1436 3302 1515 3362 ad
1544 3320 1728 3362 usum
1757 3304 2022 3365 liberum
2056 3311 2119 3366 et

560 3392 809 3471 eulpam
836 3395 1193 3459 necessaria
1212 3402 1325 3457 est.

645 3489 705 3547 5.
751 3485 1029 3549 Aliorum
1068 3491 1314 3552 eversio.
1364 3522 1446 3535 —
1482 3490 1811 3571 Rejz‘citur.
1854 3522 1935 3537 —
1973 3492 2116 3553 Pro-

562 3585 703 3657 pter
745 3580 877 3639 haec
918 3580 1299 3657 respondere
1331 3588 1537 3659 potest
1580 3582 1824 3661 aliquis,
1877 3602 2014 3644 esse
2051 3585 2113 3644 in

560 3677 869 3750 potestate
902 3674 1170 3735 hominis
1197 3676 1429 3736 habere
1460 3678 1621 3736 hanc
1649 3678 2115 3739 determinatio·

559 3784 730 3839 nem,
765 3770 826 3827 et
855 3766 994 3827 ideo
1035 3768 1090 3827 ei
1134 3774 1200 3827 ut
1240 3768 1450 3828 liberte
1493 3788 1695 3830 causae
1731 3770 1978 3830 attribui
2012 3789 2115 3830 ca-

556 3860 823 3919 rentiam
851 3860 987 3938 ejus
1016 3867 1078 3921 et
1106 3867 1279 3922 aetus
1305 3862 1409 3939 qui
1450 3880 1526 3921 ex
1570 3862 1672 3921 illa
1720 3870 2106 3941 sequeretur.

556 3954 681 4015 Sed
716 3955 1020 4033 imprimis
1076 3962 1361 4018 auctores
1411 3958 1735 4019 contrariae
1785 3960 2110 4019 sententiae

554 4065 680 4106 non
718 4049 1137 4126 possunthoc
1186 4049 1373 4111 modo
1426 4050 1836 4129 respondere3
1898 4052 2112 4112 dieunt

556 4140 720 4201 enim
774 4142 973 4201 Deum
1029 4158 1141 4203 suo
1210 4142 1462 4203 arbitrio
1524 4142 1673 4203 dare
1728 4145 1829 4205 vel
1874 4164 2109 4224 negare

552 4234 713 4293 hanc
779 4234 1095 4296 efficacem
1151 4236 1491 4296 motionem
1546 4236 1771 4315 quihus
1816 4237 1986 4311 vult,
2047 4243 2110 4301 et

554 4328 803 4405 quando
828 4330 981 4403 vult,
1016 4330 1251 4408 absque
1284 4329 1409 4390 ulla
1441 4330 1861 4408 dependentia
1889 4334 1969 4391 ab
1989 4351 2107 4393 usu

550 4417 647 4478 vel
692 4440 998 4481 consensu
1038 4422 1233 4483 libero
1282 4423 1571 4483 humanae
1614 4424 1982 4499 voluntatiS,
2038 4432 2110 4485 ut

552 4512 960 4575 antecedente
987 4515 1083 4574 vel
1111 4516 1564 4576 concomitante
1586 4563 1600 4587 ,
1648 4518 1976 4596 solumque
2006 4537 2106 4579 re—

552 4604 791 4682 spicere
820 4607 992 4667 illum
1018 4615 1085 4669 ut
1112 4610 1399 4670 effectum
1423 4610 1930 4689 subsequentem.

630 4700 690 4758 6.
724 4700 1047 4761 Dz’Zemma.
1085 4733 1166 4746 —-
1210 4703 1444 4764 Deinde
1496 4724 1621 4763 non
1666 4708 1871 4783 potest
1926 4704 2108 4780 quid-

551 4810 742 4870 quam
769 4792 936 4852 aliud
980 4802 1435 4873 consequenter
1482 4796 1636 4869 diei3
1667 4796 2104 4876 prosequendo

552 4886 713 4945 enim
770 4886 1125 4964 exemplum
1170 4890 1577 4966 propositum,
1636 4888 1808 4967 quid,
1864 4907 2100 4966 quaese,

550 4977 733 5037 faciet
777 4977 879 5037 ille
920 4979 1130 5052 homo,
1182 4987 1249 5041 ut
1296 5000 1331 5041 a
1382 4982 1508 5042 Deo
1540 4983 1988 5043 determinetur
2025 4981 2106 5042 ad

552 5088 691 5130 eam
734 5070 1119 5131 voluntatem
1160 5074 1421 5134 vacandi
1470 5075 1726 5136 litteris?
1757 5076 1911 5135 Nam
1957 5076 2009 5135 si
2040 5075 2105 5135 in

552 5165 685 5244 ejus
714 5170 1019 5243 potestate
1050 5168 1318 5245 positum
1350 5170 1695 5229 esthabere
1727 5170 2106 5230 determina-

548 5258 782 5317 tionem
807 5258 995 5331 illam,
1017 5278 1167 5339 ergo
1194 5262 1307 5321 erit
1324 5262 1591 5341 positum
1620 5264 1735 5323 hoe
1758 5263 1822 5322 in
1842 5264 1978 5342 ejus
1995 5281 2104 5323 vo-

547 5349 822 5423 luntate;
854 5370 1025 5427 nam,
1057 5360 1123 5414 ut
1153 5356 1535 5435 Augustinus
1565 5357 1717 5417 alias
1745 5357 1917 5430 dixit,
1949 5357 2104 5416 nihil

546 5444 748 5522 magis
766 5450 859 5505 est
885 5446 947 5505 in
972 5454 1183 5508 nostra
1204 5455 1506 5527 potestate
1524 5467 1713 5527 quam
1736 5450 1903 5529 quod
1931 5450 2104 5511 estin

548 5542 756 5597 nostra
781 5538 1125 5614 voluntat&
1146 5542 1485 5621 proesertim
1512 5544 1655 5621 quia
1678 5548 1920 5625 oportet
1941 5546 2102 5607 hanc

1311 406 1519 459 OPL'SC.
1558 409 1593 468 1.
1632 408 1747 460 Lln.
1784 410 1822 461 1.
1864 409 1942 460 DE
1977 409 2292 462 CONCURSU
2329 412 2430 463 DEI
2467 411 2590 463 emt
2626 408 3012 462 VOLUNTATE.

2194 516 2568 588 potestatem
2611 529 2750 571 esse
2791 507 3117 579 moralem,
3159 511 3227 567 ut
3265 505 3490 566 homini
3530 508 3698 588 impu-

2195 609 2360 665 tetur
2381 623 2532 664 usus
2559 603 2659 664 vel
2684 621 2811 663 non
2841 619 2994 661 usus
3037 602 3204 679 ejus;
3235 606 3502 678 potestas
3527 609 3700 664 autem

2194 697 2448 756 moralis
2477 715 2605 756 non
2635 702 2729 757 est
2760 696 2825 756 in
2853 695 3130 762 homine,
3149 693 3268 753 nisi
3295 693 3494 752 media
3521 696 3701 754 volun-

2193 795 2343 851 tate.
2397 789 2720 862 Quomodo
2763 805 2912 866 ergo
2963 787 3080 848 erit
3125 787 3187 846 in
3235 791 3530 864 potestate
3573 788 3701 848 illius

2194 883 2462 944 hominis
2485 883 2718 942 habere
2741 882 2912 941 illam
2933 879 3510 941 determinationem
3529 899 3562 939 a
3575 882 3698 953 DeO,

2193 981 2262 1036 ut
2288 975 2508 1038 litteris
2539 993 2764 1036 vacare
2792 973 2986 1035 velit?
3033 974 3154 1032 Aut
3177 971 3345 1032 enim
3381 971 3596 1050 aliquid
3621 994 3703 1051 po-

2191 1073 2311 1130 test
2337 1069 2544 1130 faeere
2579 1069 2867 1129 voluntas
2897 1083 3021 1144 quo
3051 1065 3326 1126 obtineat
3359 1083 3396 1124 a
3419 1067 3540 1125 Deo
3567 1066 3700 1126 illam

2196 1161 2812 1235 determinationem,
2859 1161 2956 1221 vel
3002 1159 3152 1219 nihil
3185 1177 3374 1237 agere
3415 1165 3616 1237 potest.
3657 1161 3704 1219 Si

2195 1255 2345 1315 nihil
2376 1261 2580 1334 potest
2606 1254 2836 1325 facere,
2869 1271 3020 1330 ergo
3047 1271 3174 1312 non
3205 1257 3298 1312 est
3333 1252 3396 1311 in
3443 1257 3704 1329 potestate

2197 1349 2332 1427 ejus
2361 1348 2593 1408 habere
2633 1347 2800 1406 illam
2839 1345 3451 1418 determinationem;
3501 1345 3628 1422 quia
3667 1347 3704 1403 si

2197 1449 2360 1503 esset
2388 1443 2450 1501 in
2481 1442 2617 1520 ejus
2647 1443 2973 1519 potestate,
3005 1439 3228 1498 saltem
3261 1437 3502 1498 efficere
3533 1445 3706 1516 posset

2193 1535 2578 1606 volitionem,
2603 1534 2704 1592 vel
2725 1531 3104 1593 desiderium
3141 1531 3412 1590 habendi
3449 1530 3604 1590 illam
3626 1531 3708 1590 de-

2195 1627 2738 1697 terminationem;
2775 1625 2924 1703 quia
2965 1642 3092 1684 non
3131 1629 3276 1682 sunt
3324 1623 3497 1684 aliter
3541 1641 3628 1682 res
3659 1623 3704 1681 in

2197 1725 2504 1800 potestate
2555 1719 2890 1780 voluntatis
2941 1723 3170 1777 nostrae
3200 1761 3215 1788 ‚
3271 1716 3390 1776 nisi
3443 1721 3706 1794 quatenus

2196 1833 2528 1894 possumus
2575 1814 2709 1873 illas
2759 1812 2949 1884 velle;
3009 1817 3070 1870 et
3115 1810 3412 1882 volendo,
3459 1816 3556 1870 aut
3587 1809 3706 1870 reci-

2196 1927 2344 1987 pere
2399 1913 2506 1968 aut
2565 1908 2831 1968 efficere.
2881 1906 2944 1968 Si
3003 1910 3214 1964 autem
3261 1903 3493 1981 aliquid
3543 1909 3706 1980 potest

2195 2002 2388 2063 libere
2447 2002 2651 2062 facere
2694 1999 3021 2072 voluntaS,
3074 2015 3198 2077 quo
3251 1997 3424 2057 illam
3469 1996 3706 2056 determi-

2195 2095 2515 2154 nationem
2565 2093 2843 2171 reeipiat‚
2889 2093 3203 2170 interrogo
3245 2089 3504 2150 ulterius
3543 2109 3612 2148 an
3647 2087 3708 2147 ad

2195 2187 2346 2248 illud
2399 2187 2602 2266 ipsum
2653 2186 2844 2246 libere
2899 2184 3234 2244 volendum
3291 2181 3708 2244 determinatio-

2197 2301 2342 2341 nem
2391 2282 2668 2359 requirat
2710 2297 2932 2338 necne.
2983 2278 3044 2339 Si
3084 2277 3445 2355 requiritur,
3484 2275 3574 2334 vel
3599 2293 3707 2352 pro-

2196 2376 2454 2435 cedetur
2493 2374 2556 2432 in
2602 2373 2937 2444 infinitum,
2991 2371 3090 2430 vel
3137 2369 3482 2430 sistendum
3531 2369 3632 2427 erit
3659 2367 3705 2424 in

2199 2468 2405 2546 aliqua
2447 2465 2986 2536 determinatione,
3047 2481 3188 2541 quae
3235 2463 3490 2522 omnino
3535 2463 3603 2520 ab
3633 2477 3706 2518 ex-

2197 2562 2464 2621 t1inseco
2491 2559 2720 2630 veniat,
2755 2563 2818 2618 et
2847 2575 2970 2616 non
3002 2555 3080 2615 sit
3108 2557 3168 2616 in
3202 2559 3508 2634 potestate
3536 2552 3706 2611 volun-

2197 2655 2362 2728 tatis,
2399 2659 2459 2712 et
2503 2653 2564 2711 in
2602 2651 2704 2710 illa
2757 2650 3038 2728 procedit
3077 2653 3242 2711 totus
3291 2647 3596 2706 discursus
3617 2644 3708 2702 tac-

2197 2753 2330 2822 tus;
2377 2747 2522 2825 quia
2569 2749 2719 2805 tunc
2773 2744 2942 2804 nullo
2995 2743 3183 2804 modo
3233 2739 3492 2818 intelligi
3549 2743 3706 2817 potest

2197 2839 2511 2920 quomodo
2538 2837 2838 2918 operatio,
2855 2837 3052 2897 abilla
3073 2835 3582 2896 determinatione
3607 2849 3708 2909 pro·
3788 2859 3789 2866 κ

2198 2934 2450 3006 cedenS,
2490 2932 2674 2992 fuerit
2715 2933 2777 2990 in
2825 2937 3131 3010 potestate
3179 2930 3379 2988 libera
3431 2933 3490 2986 et
3535 2923 3706 2984 morali
3788 2947 3789 2954 2

2197 3027 2550 3088 voluntatis
2599 3025 2661 3086 Si
2701 3043 2848 3085 vero
2890 3043 3016 3084 non
3046 3023 3386 3102 requiritur
3421 3020 3522 3080 illa
3549 3018 3707 3078 detor·
3788 3041 3789 3046 ¹

2197 3122 2454 3183 minatio
2486 3121 2566 3179 ad
2591 3120 2741 3180 illud
2770 3120 3038 3199 primum
3068 3138 3249 3198 opus,
3275 3116 3446 3195 quod
3471 3114 3710 3173 voluntas

2197 3214 2392 3275 libere
2441 3213 2682 3293 operari
2729 3218 2955 3290 potest,
3003 3211 3322 3271 evidenter
3369 3204 3709 3268 concluditur

2196 3307 2580 3367 voluntatem
2629 3306 3109 3376 indifferentem,
3143 3310 3204 3364 et
3229 3301 3510 3363 nondum
3549 3299 3710 3357 deter-

2197 3402 2497 3461 minatam
2529 3400 2609 3459 ab
2641 3400 2987 3460 extrinseco
3017 3404 3269 3477 agente,
3299 3413 3484 3475 posse
3510 3412 3570 3451 se
3597 3390 3710 3449 libe-

2195 3514 2263 3555 re
2293 3494 2709 3555 determinare
2739 3492 2822 3553 ad
2845 3492 3080 3571 aliquid
3112 3490 3472 3552 volendum.
3497 3483 3711 3547 Conclu-

2197 3588 2360 3651 ditur
2389 3588 2574 3649 etiam
2615 3586 2783 3646 illam
2813 3585 3400 3647 determinationem
3439 3600 3560 3643 non
3603 3593 3708 3636 esse

2195 3700 2309 3760 per
2334 3699 2400 3741 se
2433 3679 2853 3740 neeessariam
2879 3679 2959 3738 ad
2994 3676 3388 3755 operandum
3421 3694 3495 3735 ex
3521 3674 3574 3731 vi
3601 3669 3710 3772 sul)—
3785 3708 3787 3771 ἐ

2196 3772 2599 3834 ordinationis
2624 3790 2826 3832 causoe
2850 3771 3138 3831 secundas
3171 3770 3252 3829 ad
3281 3769 3572 3848 primam;
3596 3780 3708 3841 qma

2194 3866 2258 3926 in
2290 3885 2364 3926 eo
2394 3867 2596 3944 primo
2647 3871 2789 3925 actu
2826 3864 3023 3924 libero
3053 3882 3180 3923 non
3212 3868 3507 3941 operatur
3533 3858 3710 3918 volun·
3786 3908 3787 3921 ,

2194 3965 2289 4020 tas
2317 3960 2450 4018 sine
2483 3957 2990 4017 subordinatione
3037 3956 3120 4017 ad
3159 3974 3418 4016 causam
3459 3952 3706 4031 primam,

2193 4051 2302 4111 sed
2349 4068 2492 4111 eum
2531 4055 2655 4111 tota
2702 4049 3014 4110 essentiali
3068 4047 3506 4127 dependentia,
3557 4055 3708 4121 quam

2192 4162 2376 4205 causa
2406 4143 2676 4204 secunda
2703 4148 2773 4204 ut
2811 4143 2899 4203 sic
2931 4143 3164 4202 habere
3187 4147 3416 4221 potest,
3448 4146 3507 4201 et
3529 4133 3708 4197 nihile-

2189 4238 2396 4297 minus
2439 4236 2682 4315 operari
2711 4237 2936 4296 dicitur
2975 4237 3108 4295 sine
3137 4235 3240 4295 illa
3289 4225 3709 4294 determinatio-

2191 4349 2305 4402 ne;
2341 4350 2491 4409 ergo
2515 4330 2621 4389 illa
2647 4348 2762 4408 per
2791 4346 2856 4389 se
2883 4347 3010 4389 non
3043 4334 3136 4389 est
3167 4324 3518 4387 necessaria
3545 4320 3613 4381 ad
3639 4318 3708 4375 in-

2187 4424 2421 4482 fluxum
2465 4422 2859 4481 essentialem
2914 4440 3118 4481 causae
3171 4422 3392 4498 primae
3441 4420 3500 4478 in
3555 4420 3709 4475 actio-

2185 4534 2332 4575 nem
2357 4534 2558 4576 eausae
2585 4515 2894 4590 secundae,
2921 4516 3107 4575 etiam
3132 4514 3362 4574 liberae.

2267 4611 2326 4670 7.
2383 4608 2692 4691 Neyatira
2724 4608 3060 4688 dispositi0‚
3097 4626 3168 4669 em
3187 4612 3368 4689 parte
3415 4598 3710 4668 voluntatis

2185 4720 2248 4765 se
2278 4708 2501 4773 tenens,
2525 4704 2606 4764 ad
2612 4700 3296 4783 proedeterminationem
3317 4696 3614 4761 naturalis
3631 4708 3710 4753 ac-
3784 4748 3785 4781 3

2189 4802 2288 4859 tus
2335 4803 2564 4875 confert
2599 4796 2756 4859 nihil
2799 4798 2881 4858 ad
2907 4796 3084 4857 illam
3127 4796 3472 4857 habendam.
3505 4824 3578 4837 -
3613 4782 3706 4847 Sed
3784 4792 3785 4835 ἒ

2188 4890 2285 4948 hie
2307 4890 2494 4949 etiam
2519 4908 2644 4949 non
2667 4889 2840 4948 deest
2863 4888 3337 4964 subterfugium.
3369 4885 3554 4946 Aiunt
3571 4880 3705 4951 enim
3784 4884 3785 4900 ¹

2185 5000 2310 5041 non
2341 4988 2627 5059 oportere
2667 4987 2735 5041 ut
2761 4980 3048 5042 voluntas
3079 4980 3312 5059 aliquid
3343 4978 3563 5041 efficiat
3591 4978 3706 5033 ante

2183 5076 2346 5135 hanc
2377 5076 2958 5135 determinationem
3000 5082 3069 5136 ut
3107 5076 3276 5134 illam
3311 5072 3582 5153 recipiat,
3617 5062 3704 5125 scel

2185 5170 2334 5230 satis
2362 5188 2498 5228 esse
2527 5174 2744 5229 utnon
2766 5170 3012 5241 efficiat,
3045 5168 3156 5229 sed
3186 5186 3252 5230 se
3283 5167 3514 5229 moveri
3551 5164 3700 5224 sinat.

2185 5262 2309 5324 Sed
2333 5264 2464 5323 haec
2493 5262 2662 5341 fuga,
2694 5280 2831 5341 quas
2859 5262 2922 5321 in
2955 5262 3248 5341 operibus
3279 5262 3491 5341 gratiae
3523 5276 3552 5316 a
3585 5270 3708 5314 non-

2183 5354 2369 5415 nullis
2395 5356 2643 5415 inventa
2680 5361 2794 5427 est,
2827 5362 2888 5417 et
2917 5355 3076 5416 infra
3105 5356 3210 5415 lib.
3259 5360 3294 5416 3
3339 5373 3418 5415 ex
3461 5350 3706 5432 professo

2185 5454 2279 5510 est
2315 5449 2764 5528 impugnanda,
2821 5450 2921 5510 hie
2970 5452 3209 5510 nullum
3264 5449 3495 5509 habere
3537 5443 3705 5523 potest

2181 5544 2410 5605 locum.
2439 5544 2594 5605 Nam
2615 5545 2662 5604 si
2695 5544 3127 5607 consideretur
3151 5546 3436 5608 voluntas
3463 5542 3706 5601 humana
