3850 6225
543 398 624 457 68
1287 399 1496 453 OPUSC.
1535 401 1575 461 1,
1611 399 1724 451 Lm.
1764 401 1801 454 Ι.
1835 400 1918 453 DE
1954 397 2271 451 CONCURSU
2306 398 2406 449 DE!
2440 396 2568 451 CUM
2599 391 2989 447 VOLUNTATE.

632 503 729 563 19.
765 500 1047 581 objectio.
1073 532 1154 547 —
1175 500 1357 561 Dices
1383 507 1824 581 argumentum
1861 501 1981 561 hoc
2012 499 2111 559 vel

547 595 814 657 nimium
845 594 1137 672 probare„
1169 594 1267 655 vel
1297 594 1483 665 nihil;
1515 594 1701 655 simili
1729 594 1897 655 enim
1921 592 2111 653 modo

549 689 764 749 inferri
814 694 1029 768 posset
1074 706 1204 748 non
1243 706 1428 768 posse
1475 689 1678 748 Deum
1727 704 2109 767 proeservare

549 782 870 841 hominem
898 800 934 841 a
965 786 1223 859 peccato
1253 781 1382 841 ullo
1411 781 1625 855 modo,
1657 781 1828 841 salva
1857 781 1995 859 ejus
2043 779 2113 839 li-

535 874 811 946 bertate,
848 874 1017 953 quod
1045 874 1450 935 falsissimum
1479 878 1606 945 est3
1647 880 1716 935 ut
1744 892 1872 934 non
1909 873 2113 933 solum

548 968 614 1027 in
649 967 912 1039 Christe,
950 967 1062 1028 sed
1104 968 1291 1027 etiam
1341 968 1406 1029 in
1445 967 1697 1047 Virgine
1745 966 2113 1028 Beatissima

549 1066 612 1122 et
641 1060 778 1120 aliis
825 1066 1066 1121 certum
1108 1066 1221 1121 cst.
1283 1060 1552 1138 Sequela
1579 1060 1902 1139 probatur,
1938 1058 2108 1137 quia,

549 1154 600 1214 si
645 1156 812 1215 Deus
866 1154 1166 1233 permittit
1217 1160 1566 1233 peccatum,
1607 1170 1688 1213 ne
1731 1152 2115 1226 voluntatem

547 1248 907 1319 necessitet,
969 1264 1120 1325 ergo
1165 1247 1407 1325 quoties
1455 1264 1582 1306 non
1629 1244 1949 1324 permittit,
2004 1262 2116 1305 ne-

547 1340 834 1413 cessitat3
891 1340 1145 1418 alioqui,
1207 1341 1364 1401 sicut
1421 1358 1539 1399 nos
1603 1338 1866 1399 dicimus
1927 1353 2115 1417 posse

545 1436 747 1495 Deum
799 1451 926 1493 non
981 1434 1340 1512 permittere
1385 1444 1712 1511 peccatum
1759 1432 1824 1491 in
1875 1431 2109 1508 aliquo,

547 1543 678 1587 non
706 1525 1141 1587 necessitando
1164 1526 1338 1601 illud,
1371 1526 1483 1586 sed
1505 1525 1624 1585 alio
1645 1524 1834 1586 modo
1862 1523 1949 1585 illi
1974 1541 2116 1602 pro-

547 1620 857 1691 videndo,
910 1619 993 1679 ita
1047 1618 1256 1679 dicent
1308 1620 1410 1679 alii
1457 1636 1642 1697 posse
1696 1618 1868 1678 idem
1903 1617 2115 1677 facere

545 1713 744 1772 Deum
775 1711 1387 1791 praedeterminando
1413 1711 1592 1770 illum
1631 1710 1714 1770 ad
1759 1710 2017 1770 bonum.
2046 1709 2115 1768 In

551 1807 724 1866 omni
753 1824 902 1885 ergo
935 1806 1240 1865 sententia
1274 1811 1367 1866 est
1396 1803 1658 1865 difficilis
1687 1804 1844 1863 ratio
1867 1792 1973 1863 illa
2000 1803 2111 1863 Pa-

547 1906 738 1971 trum,
761 1916 890 1958 non
908 1916 1056 1959 vero
1079 1904 1261 1977 urget
1283 1904 1495 1959 contra
1515 1896 2113 1977 praedeterminatio·

547 2010 697 2053 nem
722 1992 1066 2071 physicam.

629 2088 730 2147 20.
778 2084 1176 2148 Dissolvitur.
1194 2116 1275 2129 ——
1299 2085 1736 2163 Respondetur
1762 2100 1901 2145 esse
1930 2082 2113 2143 valde

547 2179 858 2240 diversam
881 2178 1224 2250 rationem3
1255 2196 1428 2249 nam,
1463 2178 1513 2239 si
1540 2175 2111 2257 praedeterminatio

548 2272 657 2333 illa
676 2292 789 2352 per
811 2273 1199 2332 voluntatem
1217 2272 1330 2332 Dei
1359 2273 1770 2333 extrinsecam
1800 2270 2114 2350 possibilis

551 2374 667 2441 est,
701 2369 870 2428 salva
897 2366 1204 2439 libertate,
1241 2366 1606 2434 indifferens
1646 2372 1780 2427 erat
1823 2364 2115 2425 voluntas

551 2461 729 2534 Adae,
755 2459 928 2521 verbi
959 2458 1180 2540 gratia,
1204 2460 1268 2520 in
1299 2478 1376 2520 eo
1401 2466 1721 2521 momento
1743 2476 1870 2537 quo
1901 2476 2117 2537 pecca-

553 2556 664 2628 vit,
692 2562 762 2615 ut
798 2554 880 2613 ad
913 2554 1250 2617 volendum
1279 2554 1377 2613 vel
1406 2552 1747 2614 nolendum
1777 2552 2119 2632 praedeter-

555 2650 903 2709 minaretur
934 2666 969 2708 a
1013 2650 1179 2720 Deo;
1235 2653 1296 2707 et
1330 2646 1472 2707 ideo
1519 2646 1694 2706 nulla
1736 2646 1894 2707 ratio
1936 2644 2116 2705 reddi

553 2748 760 2821 potest
813 2760 924 2800 cur
977 2740 1147 2800 Deus
1196 2740 1547 2818 permiserit
1601 2740 1776 2800 illum
1819 2756 2113 2819 peccare,

557 2852 724 2905 cum,
749 2852 970 2901 servam
979 2833 1058 2893 do
1076 2832 1368 2893 eumdem
1385 2832 1644 2893 modum
1660 2830 2117 2893 determinandi

551 2928 904 2987 libertatem
935 2926 1093 3005 ejuS‚
1123 2944 1302 3004 aeque
1341 2926 1619 2987 debitum
1665 2945 1737 2987 ac
1787 2929 2117 2985 consenta-

555 3037 746 3079 neum
771 3020 966 3098 ipsius
991 3024 1257 3092 naturae,
1289 3026 1502 3099 posset
1529 3019 1704 3079 illum
1749 3017 1832 3078 ad
1876 3018 2117 3078 bonum

557 3111 997 3174 determinare.
1028 3116 1231 3190 Atque
1265 3114 1347 3173 ita
1379 3119 1474 3174 est
1519 3113 1676 3173 ratio
1715 3129 1939 3172 revera
1983 3110 2119 3172 effi·-

557 3206 919 3279 cacissima;
976 3223 1087 3265 cur
1134 3206 1302 3266 enim
1351 3207 1520 3266 Deus
1573 3221 1834 3282 peccare
1885 3205 2120 3264 sineret

556 3299 878 3359 hominem
907 3316 1096 3375 quem
1127 3305 1339 3378 posset
1367 3298 1448 3359 ad
1477 3299 1712 3358 bonum
1738 3297 2119 3358 determina-

558 3410 649 3465 re,
684 3392 1018 3471 praebendo
1053 3393 1376 3472 proprium
1405 3407 1780 3452 concursum
1801 3397 1863 3452 et
1887 3409 2122 3451 conna-

559 3486 864 3557 turalem,
912 3485 1398 3546 determinatum
1438 3484 1521 3545 ud
1559 3485 1726 3544 hunc
1771 3484 1977 3564 potius
2018 3501 2123 3544 ac-

559 3587 693 3642 tum
740 3597 930 3658 quam
987 3577 1064 3638 ad
1119 3578 1314 3650 illum,
1347 3578 1518 3658 quod
1563 3597 1692 3638 non
1727 3596 1803 3638 ex
1841 3579 2117 3650 homine,

563 3673 674 3733 sed
701 3691 778 3731 cx
806 3671 936 3732 solo
965 3672 1094 3732 Deo
1123 3671 1460 3750 pendebat,
1487 3677 1556 3732 ut
1585 3677 1904 3732 ostensum
1930 3670 1994 3730 in
2022 3688 2123 3730 su-

561 3765 913 3845 perioribus
965 3767 1104 3825 est?
1155 3765 1284 3824 Hoc
1337 3781 1486 3843 ergo
1525 3764 1714 3824 modo
1767 3763 1999 3842 optime
2046 3781 2125 3822 ex

563 3859 972 3938 permissione
1014 3857 1275 3937 peccati,
1307 3858 1608 3938 colligunt
1659 3859 1874 3918 Patres
1916 3856 2126 3918 deter-

565 3953 973 4012 minationem
1002 3951 1082 4012 ad
1103 3969 1298 4011 unam
1323 3958 1566 4030 partem
1592 3951 1798 4030 potius
1825 3967 2018 4028 quam
2046 3948 2122 4010 ad

567 4045 777 4117 aliam,
799 4045 880 4105 ab
905 4044 1252 4106 extrinseca
1277 4044 1385 4105 Dei
1412 4049 1732 4106 voluntate
1755 4043 2129 4121 provenien-

565 4144 717 4212 tem,
751 4157 878 4199 non
929 4156 1066 4202 esse
1119 4139 1394 4199 debitam
1446 4139 1738 4199 humanae
1777 4137 2125 4210 voluntati3

569 4233 696 4292 imo
736 4250 876 4293 esse
925 4236 1383 4309 repugnantem
1422 4231 1689 4291 libertati
1738 4231 1895 4310 ejus,
1931 4235 1991 4292 et
2036 4229 2131 4290 in-

571 4324 821 4386 volvere
847 4324 1284 4385 necessitatem
1319 4324 1712 4402 simpliciter;
1746 4330 1807 4384 et
1835 4324 1977 4385 ideo
2004 4341 2129 4383 non

575 4416 886 4496 pertinere
941 4416 1022 4478 ad
1081 4416 1460 4478 ordinariam
1510 4417 1964 4496 providentiam
2022 4415 2135 4478 Dei

578 4511 668 4570 sic
694 4509 1246 4588 praedeterminare
1274 4510 1683 4583 voluntatem,
1715 4509 1829 4571 sed
1856 4509 2031 4570 illam
2048 4509 2137 4568 in-

578 4602 970 4664 differentem
995 4601 1370 4679 relinquere.
1399 4603 1624 4664 Contra
1663 4603 1782 4664 hoc
1815 4620 1963 4663 vero
2008 4620 2138 4662 non

581 4696 786 4756 obstat
841 4695 1108 4774 objectio
1159 4694 1352 4768 facta3
1397 4701 1532 4756 esto
1589 4697 1756 4755 enim
1797 4713 2017 4756 verum
2062 4693 2140 4756 sit

580 4806 764 4869 posse
791 4789 992 4850 Deum
1020 4805 1400 4867 praeservare
1423 4787 1746 4849 hominem
1775 4805 1810 4848 a
1855 4793 2137 4867 peccam,

584 4883 755 4944 salva
793 4883 929 4960 ejus
957 4881 1264 4955 libertate,
1293 4889 1505 4943 tamen
1533 4900 1665 4942 non
1713 4900 1967 4961 semper
2000 4899 2141 4960 pos·

585 4981 680 5038 set
733 4975 797 5035 id
852 4975 986 5036 fieri
1041 4993 1154 5054 per
1207 4974 1590 5037 ordinariam
1628 4982 1691 5036 et
1737 4991 2137 5036 communem

584 5067 1036 5150 providentiam
1055 5073 1294 5129 naturae
1316 5068 1417 5129 vel
1445 5067 1679 5148 gratiae,
1709 5067 1820 5130 sed
1839 5087 1957 5147 per
1974 5067 2141 5128 dona

587 5169 648 5226 et
676 5162 905 5223 auxilia
935 5162 1446 5238 extraordinaria,
1481 5180 1621 5242 quae
1651 5163 1816 5224 Deus
1857 5181 1987 5222 non
2035 5161 2141 5222 de—

585 5257 720 5330 bet3
762 5273 882 5317 nec
919 5254 1290 5334 expediebat
1323 5274 1398 5316 ea
1449 5273 1699 5334 semper
1744 5262 1806 5317 et
1851 5255 2141 5316 omnibus

587 5349 874 5412 conferri.
906 5349 982 5408 Et
1005 5347 1150 5408 ideo
1182 5347 1462 5427 praedicti
1493 5347 1708 5408 Patres
1759 5367 1888 5408 11011
1934 5349 2144 5410 exclu-

583 5445 740 5506 dunt
753 5443 921 5502 hunc
941 5441 1198 5502 modum
1225 5441 1646 5520 proeservandi
1671 5461 1710 5502 a
1736 5448 2015 5521 peccat0,
2038 5461 2145 5504 ne-

583 5555 706 5620 que
733 5535 916 5596 illius
937 5535 1321 5597 mentionem
1355 5535 1614 5614 faciunt,
1645 5535 1757 5598 sed
1783 5544 2145 5616 supponunt

2191 517 2317 559 non
2352 516 2491 559 esse
2518 496 2819 557 debitum.
2844 497 3057 573 Neque
3086 492 3167 554 de
3194 492 3301 553 illo
3328 498 3615 570 quaerunt
3638 508 3749 551 cur

2188 609 2319 652 non
2348 608 2599 670 semper
2620 590 2788 650 Deus
2808 589 2929 649 hoc
2957 587 3169 667 gratiae
3200 586 3578 647 beneficium
3606 602 3749 645 con-

2190 684 2373 756 ferat,
2432 684 2545 745 sed
2592 682 2671 743 de
2722 682 2857 761 ipsa
2904 680 3257 741 conditione
3308 686 3568 752 naturae,
3614 696 3745 745 cur,

2192 776 2503 849 videlicet,
2544 795 2674 836 non
2700 774 2807 836 tali
2850 774 3038 835 modo
3076 772 3324 834 condita
3362 780 3458 834 est
3502 778 3748 840 natura,

2193 876 2265 933 ut
2308 871 2723 931 determinata
2764 868 2951 929 fuerit
2992 867 3073 928 ad
3108 884 3434 945 nunquam
3483 884 3755 947 peccan-

2194 965 2367 1026 dum.
2403 965 2533 1026 Hoc
2570 982 2723 1043 ergo
2754 982 2945 1025 sensu
2971 962 3128 1023 ratio
3160 966 3255 1021 est
3283 960 3539 1039 optima,
3582 977 3749 1039 quae,

2196 1078 2273 1120 ex
2309 1058 2407 1118 his
2446 1076 2585 1137 quae
2625 1056 2785 1118 libro
2828 1054 3105 1117 secundo
3134 1054 3439 1129 dicemus,
3472 1054 3583 1116 fiet
3626 1054 3757 1114 evi-

2194 1152 2460 1214 dentior.

2277 1247 2577 1308 Auctores
2600 1245 3003 1306 scholasticos
3030 1260 3143 1324 pro
3168 1242 3287 1303 hac
3316 1240 3630 1303 sententia
3664 1240 3760 1299 af-

2192 1338 2391 1401 feram
2422 1339 2709 1417 sequenti
2746 1340 2968 1425 capite.

2750 1568 3001 1631 CAPUT
3042 1568 3197 1629 XIV.

2190 1796 2459 1851 QUOMODO
2522 1798 2849 1845 GONGURSUS
2908 1798 3112 1843 CAUSAE
3180 1796 3379 1841 ratam
3438 1794 3525 1839 An
3578 1794 3762 1839 Aeros

2273 1892 2511 1937 LIBEROS
2565 1891 2835 1937 EUMANAE
2896 1890 3261 1936 VOLUNTATIS
3324 1889 3461 1935 SlNB
3516 1886 3763 1932 PflYsch

2272 1983 2930 2031 Pmmsnumanonn
2972 1982 3312 2029 GONSISTAT.

2278 2188 2334 2245 1.
2394 2184 2582 2248 Ratio
2638 2180 2987 2263 quoestionis
3037 2184 3356 2245 movendoe.
3403 2212 3486 2228 ·-
3528 2180 3771 2243 Proeci-

2190 2296 2381 2361 pamm
2440 2278 2727 2358 opposito?
2783 2276 3094 2340 sententia·
3142 2277 3625 2353 fundamentum.
3690 2306 3775 2319 —-

2198 2372 2335 2432 Non
2362 2369 2511 2431 satis
2542 2375 2638 2430 est
2666 2368 3129 2429 demonstrasse
3182 2384 3323 2445 quaa
3362 2366 3772 2427 incommoda

2198 2482 2277 2525 ex
2323 2464 2441 2524 hac
2494 2461 3149 2542 praedeterminatione
3210 2465 3579 2537 sequantur,
3644 2460 3771 2519 nisi

2198 2558 2387 2619 etiam
2414 2556 2817 2617 ostendamus
2842 2572 2984 2615 eam
3013 2554 3186 2614 nulla
3214 2554 3457 2615 ratione
3486 2546 3627 2613 esse
3653 2571 3775 2611 ne-

2198 2650 2559 2723 cessariam,
2608 2654 2679 2710 ut
2722 2654 2787 2711 et
2830 2650 3033 2721 Deua,
3078 2652 3379 2726 tanquam
3425 2647 3777 2707 voluntatis

2196 2746 2487 2807 humanae
2524 2749 2587 2803 et
2618 2759 2881 2822 operum
2912 2742 3049 2821 ejus
3082 2748 3301 2802 auctor
3328 2746 3391 2801 et
3422 2758 3615 2801 causa
3640 2740 3778 2819 pri-

2196 2856 2323 2911 ma,
2355 2836 2435 2897 ad
2480 2854 2701 2897 omnes
2745 2836 2881 2913 ejus
2910 2840 3087 2895 actus
3114 2835 3484 2909 concurrat,
3516 2840 3583 2893 et
3626 2852 3778 2892 nos-

2195 2936 2365 2991 trum
2404 2929 2671 2989 liberum
2709 2927 3038 2988 arbitrium
3083 2926 3361 3009 debitam
3394 2924 3780 2985 subordina-

2197 3026 2429 3085 tionem
2458 3022 2539 3082 ad
2566 3023 2767 3082 Deum
2794 3019 3047 3093 habeat,
3094 3024 3163 3079 ut
3192 3018 3275 3079 ad
3305 3019 3577 3099 primam
3618 3038 3783 3079 cau-

2200 3137 2334 3178 sam
2360 3133 2501 3194 quae
2545 3115 2835 3178 omnibus
2882 3114 3170 3193 providet
3216 3119 3279 3175 et
3324 3115 3623 3174 universa
3654 3134 3783 3192 gu-

2198 3213 2459 3282 bernat3
2496 3209 2617 3269 hoc
2648 3213 2857 3269 autem
2888 3207 3059 3268 nulla
3093 3207 3217 3268 alia
3260 3208 3502 3268 ratione
3538 3207 3804 3267 melius¹

2198 3303 2333 3364 fieri
2362 3307 2588 3382 potest,
2631 3318 2821 3379 quam
2848 3299 3261 3379 proponendo
3290 3307 3353 3360 et
3386 3300 3804 3361 declarando¹

2200 3395 2461 3456 modum
2504 3393 2721 3467 alium,
2767 3411 2893 3473 quo
2922 3395 3057 3453 sine
3100 3393 3219 3452 hac
3252 3392 3787 3472 praedetermina-

2198 3488 2371 3550 tione
2420 3493 2683 3567 possunt
2720 3487 2853 3546 haec
2894 3487 3105 3546 omnia
3152 3486 3685 3546 sufficientissime
3724 3493 3788 3546 et

2204 3579 2595 3644 exactissime
2649 3578 2947 3657 intelligi3
2990 3585 3179 3657 atque
3228 3579 3349 3639 hoc
3398 3585 3583 3658 pacto
3632 3598 3793 3639 nos—

2202 3681 2365 3736 tram
2408 3672 2783 3733 sententiam
2826 3671 3081 3732 omnino
3124 3670 3677 3744 confirmabimuS,
3728 3680 3795 3732 et

2202 3765 2611 3826 fundamento
2670 3763 2997 3824 contrariae
3054 3763 3380 3824 sententiae
3436 3763 3797 3824 satisfacie-

2204 3877 2367 3919 muS.
2425 3857 2575 3928 Quas
2628 3855 2693 3916 in
2750 3875 2827 3918 eo
2868 3857 3261 3937 potissimum
3306 3857 3542 3932 nititur,
3606 3859 3804 3936 quod}

2208 3969 2395 4012 causa
2440 3948 2641 4029 prima
2686 3967 2816 4010 non
2862 3951 3098 4029 praebet
3144 3967 3329 4010 suum
3368 3968 3795 4019 concursum,

2208 4044 2326 4104 nisi
2352 4043 2655 4114 volend03
2690 4043 2827 4123 ejus
2860 4048 3071 4104 autem
3099 4044 3313 4104 volitio
3342 4043 3690 4116 antecedit,
3732 4052 3805 4104 et

2211 4137 2555 4199 aeternitate
2610 4142 2675 4198 et
2725 4137 3109 4211 causalitate,
3150 4137 3514 4198 volitionem
3570 4155 3804 4199 causae⁴

2211 4229 2537 4301 secundam
2572 4247 2723 4309 ergo
2760 4230 2935 4309 prius
2962 4231 3129 4292 Deus
3157 4229 3289 4290 vult
3318 4235 3386 4292 ut
3418 4247 3535 4308 ego
3566 4231 3804 4302 velim,

2213 4342 2403 4404 quam
2433 4341 2552 4402 ego
2578 4323 2785 4402 reipsa
2821 4324 3009 4386 velim
3032 4343 3047 4396 ;
3080 4325 3205 4385 imo
3226 4341 3355 4384 non
3382 4341 3645 4402 possem
3668 4345 3805 4404 ego

2212 4418 2394 4494 velle,
2426 4417 2547 4477 nisi
2600 4418 2775 4497 prius
2820 4418 2989 4478 Deus
3030 4435 3145 4478 sua
3190 4417 3511 4478 voluntate
3543 4419 3805 4480 efficaci

2217 4511 2625 4590 disposuisset
2666 4515 2737 4572 ut
2776 4528 2895 4590 ego
2927 4511 3158 4585 velim;
3202 4528 3352 4591 ergo
3382 4528 3651 4572 necesse
3702 4515 3805 4574 est

2220 4609 2291 4664 ut
2311 4623 2425 4683 per
2450 4603 2622 4664 illam
2656 4621 2835 4664 suam
2858 4603 3337 4665 antecedentem
3364 4604 3805 4678 voluntatem,

2220 4715 2359 4777 quae
2392 4696 2821 4758 efficacissima
2860 4702 2977 4768 est,
3006 4697 3393 4759 voluntatem
3438 4697 3805 4758 humanam

2220 4790 2743 4870 proedeterminet.
2776 4790 3141 4850 Declaratur
3170 4789 3474 4867 amplius,
3509 4791 3663 4868 quia
3700 4791 3805 4851 vei

2221 4885 2389 4944 Deus
2413 4885 2545 4946 vult
2568 4903 2669 4945 me
2712 4884 2873 4946 velle
2904 4885 3165 4964 aliquid,
3200 4885 3345 4962 quia
3384 4901 3503 4964 ego
3550 4885 3617 4943 id
3646 4903 3805 4944 sun]

2218 4977 2541 5050 volituru8‚
2588 4985 2650 5040 et
2674 4979 2843 5039 Deus
2883 4979 3221 5057 praenovit;
3256 4977 3354 5038 vel
3384 4995 3419 5037 e
3468 4982 3805 5040 contrariu

2220 5071 2407 5132 homo
2470 5071 2646 5144 vult,
2698 5071 2847 5151 quia
2902 5073 3065 5132 Deus
3112 5071 3307 5131 voluit
3362 5073 3426 5130 et
3476 5068 3805 5148 disposuit

2223 5183 2369 5224 eum
2410 5163 2593 5224 velle.
2639 5164 2915 5224 Primum
2944 5163 3066 5226 dici
3090 5181 3220 5224 nou
3248 5167 3476 5243 potest,
3510 5162 3663 5239 quia
3704 5173 3805 5224 es}

2224 5264 2438 5318 contra
2466 5256 2746 5318 debiturn
2774 5255 3057 5318 ordinem
3087 5264 3150 5318 et
3176 5254 3805 5334 subordinationem,

2222 5355 2357 5411 tum
2395 5350 2541 5427 quia
2576 5350 2833 5410 involvit
2866 5349 3383 5430 repugnantiam,
3420 5367 3567 5408 cum
3594 5349 3805 5411 hom<

2224 5445 2377 5505 nihil
2416 5445 2577 5506 velle
2604 5444 2797 5523 possit
2821 5445 2955 5505 sine
2996 5445 3313 5505 voluntate
3338 5442 3591 5515 divina;
3635 5461 3805 5523 erg<

2226 5539 2483 5600 neces'se
2538 5543 2635 5600 est
2678 5537 2885 5599 dicere
2928 5537 3310 5610 secundum3
3359 5554 3511 5617 ergo
3546 5539 3804 5614 praedu
