3850 6225
583 398 704 459 548

581 508 794 564 tentus
821 500 916 574 sit,
961 499 1298 562 satisfaciet
1341 517 1417 562 ex
1466 499 1744 580 perfecta
1763 499 2043 579 justitia,
2086 504 2149 559 et

583 595 822 674 absque
855 594 976 654 alia
1025 593 1419 667 remissione,
1465 593 1612 673 quia
1659 593 1954 654 nimirum
2002 609 2147 654 cum

583 688 828 750 actione
863 687 1230 748 restituendi
1280 685 1682 766 conjungitur
1721 686 1978 765 quidam
2020 684 2147 746 for-

579 781 762 842 malis
816 782 918 841 vel
963 779 1242 840 virtualis
1297 783 1650 842 contractus
1699 777 2031 859 emptionis
2086 784 2149 838 et

580 873 954 936 venditionis
995 875 1176 954 equi;
1211 873 1272 934 in
1301 892 1426 954 quo
1447 880 1768 935 contractu
1795 872 2145 934 voluntarie

580 965 858 1028 ineundo
887 966 1058 1028 nulla
1103 965 1174 1028 fit
1199 967 1421 1046 gratia,
1453 984 1596 1046 quae
1621 965 1930 1048 justitiam
1964 965 2146 1026 dimi-

580 1063 754 1120 nuat.
785 1059 960 1120 Idem
993 1064 1086 1121 est
1113 1059 1179 1120 in
1207 1077 1308 1132 eo,
1339 1059 1444 1138 qui
1475 1065 1761 1140 stuprum
1787 1057 1995 1120 intulit
2020 1057 2145 1118 vir·-

583 1153 745 1233 gini:
775 1169 890 1231 per
919 1171 990 1214 se
1017 1153 1186 1214 enim
1222 1169 1349 1213 non
1387 1151 1726 1214 satisfaciet
1757 1151 2047 1231 pecunia,
2092 1151 2143 1212 si

579 1245 761 1306 aliter
787 1251 990 1324 potest
1019 1245 1260 1324 integre
1287 1245 1590 1306 resarcire
1639 1245 1935 1324 injuriam
1980 1246 2139 1324 ejus,

581 1344 644 1399 et
665 1337 934 1400 maxime
963 1338 1014 1398 si
1040 1338 1392 1400 marcessit
1423 1337 1792 1418 promissio;
1833 1337 2143 1398 nihilomi-

576 1449 698 1494 nus
725 1431 776 1492 si
803 1436 1056 1512 pactum
1083 1448 1317 1492 novum
1337 1430 1470 1506 fiat,
1506 1437 1570 1493 et
1597 1430 1949 1494 secundum
1976 1447 2144 1492 com-

577 1541 835 1586 munem
897 1523 1372 1586 aestimationem
1433 1523 1816 1604 aequivalens
1873 1524 2141 1605 pecunia

577 1616 782 1690 detur,
816 1617 1139 1696 aequalitas
1157 1617 1412 1695 justitias
1433 1616 1817 1698 perficietur;
1847 1616 1937 1678 sic
1974 1615 2139 1678 enim

576 1716 784 1790 potest
843 1710 1112 1788 qualitas
1165 1710 1362 1772 -unius
1415 1710 1507 1772 rei
1573 1709 1848 1772 melioris
1903 1709 2139 1770 ordinis

574 1806 918 1882 quantitate
966 1803 1222 1865 alterius
1249 1805 1440 1865 etiam
1482 1803 1790 1864 inferioris
1837 1819 2140 1882 compen·-

575 1897 722 1968 sari‚
751 1903 823 1958 ut
847 1915 1012 1958 nunc
1039 1915 1349 1977 suppono.
1377 1896 1556 1960 Unde
1573 1895 1754 1958 facile
1775 1902 2021 1957 constat
2037 1913 2137 1956 ra·

573 1990 660 2051 tio
692 1991 882 2069 hujus
909 1991 1170 2054 secundi
1193 1991 1360 2062 dicti,
1393 1991 1564 2069 quia,
1597 1991 1841 2070 quoties
1869 2007 1997 2050 una
2034 2007 2137 2050 res

573 2101 688 2163 pro
733 2083 854 2144 alia
885 2084 1112 2163 aequali
1143 2083 1488 2145 seeundum
1517 2082 1824 2146 moralem
1863 2083 2137 2144 aestima-

568 2176 808 2240 tionem
843 2181 1288 2255 compensatur
1322 2176 1421 2238 vel
1449 2181 1890 2248 commutatur,
1923 2193 2137 2238 serva·

569 2275 672 2330 tur
693 2270 952 2350 aequitas
967 2269 1244 2350 justitiae,
1279 2269 1520 2332 etiamsi
1545 2267 1832 2332 voluntas
1851 2285 2135 2330 commu·

567 2361 742 2424 tandi
763 2379 936 2424 mere
954 2363 1152 2424 libere
1172 2369 1235 2424 et
1263 2363 1396 2424 sine
1422 2362 1548 2424 ulla
1579 2363 1959 2441 obligatione
1984 2361 2127 2436 fiat,

567 2456 696 2516 imo
715 2501 734 2530 ,
781 2455 928 2518 licet
967 2456 1194 2535 aliquis
1255 2461 1513 2536 rogatus
1566 2455 1916 2517 consentiat
1964 2472 2135 2517 com-

569 2549 934 2622 mutationi,
975 2554 1042 2612 et
1081 2550 1142 2610 in
1191 2565 1268 2612 eo
1309 2550 1572 2629 gratiam
1611 2549 1884 2628 aliquam
1922 2547 2131 2611 facere

567 2643 872 2717 videatur,
902 2643 1008 2705 illa
1044 2659 1174 2704 non
1199 2649 1294 2705 est
1321 2644 1462 2704 talis
1505 2649 1576 2704 ut
1601 2643 1909 2705 diminuat
1944 2641 2133 2721 mqui-

569 2740 764 2798 tatem
800 2737 1090 2818 justitiae,
1137 2737 1284 2818 quia
1321 2753 1450 2800 non
1491 2742 1590 2799 est
1627 2737 1708 2798 de
1741 2755 1810 2798 re
1837 2735 2130 2798 distincto

569 2831 770 2907 pretio
793 2837 919 2893 aut
959 2832 1170 2892 valore
1195 2831 1563 2905 aestimabili,
1613 2829 1774 2892 sicut
1799 2827 2025 2890 dicitur
2052 2828 2131 2889 de

565 2921 874 2984 beneflcio
903 2924 1254 2986 mutuandi.
1285 2924 1450 3004 Ergo
1489 2923 1698 2986 medio
1745 2940 1908 2984 novo
1950 2927 2131 3002 pacto

567 3031 748 3092 oequo
775 3022 838 3076 et
876 3016 1073 3097 justo,
1114 3018 1347 3096 optime
1386 3016 1522 3080 fieri
1552 3022 1756 3096 potest
1799 3021 1870 3076 ut
1905 3015 2132 3078 solutio

571 3107 811 3187 praemii
839 3109 1120 3189 aequalis,
1163 3128 1302 3190 quoe
1327 3109 1482 3171 alias
1525 3128 1654 3171 non
1680 3116 1848 3172 esset
1873 3110 2025 3171 satis
2054 3107 2133 3171 ad

571 3202 950 3280 expleudum
979 3204 1238 3265 omnino
1269 3204 1510 3284 integre
1557 3202 1814 3283 aliquod
1849 3202 2133 3265 debitum

566 3294 844 3374 justitiar,
873 3298 1116 3359 ratione
1143 3296 1288 3359 novi
1318 3296 1478 3378 pacti
1503 3296 1792 3358 sufficiat.

650 3390 750 3451 54.
783 3388 1186 3455 corollarium
1215 3392 1508 3471 pannum.
1559 3424 1638 3437 —
1682 3388 1810 3454 Gur
1845 3392 2133 3455 meritum

568 3502 642 3547 ex
661 3482 948 3566 οοηᾶμο
991 3488 1292 3566 apponat
1311 3490 1583 3565 pactum,
1613 3500 1720 3547 nec
1748 3486 1947 3547 tamen
1972 3501 2047 3547 w
2070 3500 2134 3547 oo

567 3574 884 3640 minuatur
899 3578 1182 3656 justitia.
1211 3608 1296 3625 -
1332 3579 1536 3656 Atque
1579 3576 1726 3639 hinc
1769 3576 2135 3656 intelligitur

565 3670 792 3750 prim0,
821 3670 979 3731 sicut
1019 3670 1138 3731 hoc
1181 3676 1434 3751 pactum
1479 3677 1576 3733 est
1613 3670 2035 3733 necessarium
2064 3670 2131 3730 in

567 3763 676 3824 tali
695 3780 868 3837 casu,
895 3768 965 3824 ut
989 3760 1130 3825 talis
1163 3764 1390 3825 solutio
1431 3763 1510 3825 sit
1545 3780 1624 3825 ex
1653 3764 1892 3843 justitia
1919 3780 2133 3843 equa-

567 3856 665 3931 lis,
695 3858 782 3918 ita
809 3857 1034 3920 eadem
1071 3857 1166 3918 vel
1205 3856 1428 3937 majori
1464 3857 1706 3919 ratione
1735 3874 1874 3919 esse
1911 3874 2133 3917 neces-

567 3952 798 4013 sarium
841 3950 1208 4031 praecedens
1235 3956 1508 4029 pactum,
1536 3949 1791 4029 quando
1817 3968 1943 4011 non
1978 3968 2133 4029 prae·

569 4046 754 4106 cessit
781 4044 1086 4116 debitum,
1113 4044 1294 4124 cujus
1315 4044 1540 4105 solutio
1567 4041 1700 4117 fiat,
1729 4042 1841 4105 sed
1860 4041 1941 4104 de
1968 4060 2133 4103 novo

569 4138 730 4199 alius
777 4136 1250 4201 constituendus
1299 4142 1394 4199 est
1439 4136 1686 4198 debitor
1717 4137 1975 4216 justitiae
2022 4155 2136 4216 per

569 4230 972 4293 donationem
1001 4231 1264 4310 alicujus
1293 4230 1384 4291 rei
1412 4230 1494 4290 ab
1527 4230 1650 4291 alio
1683 4228 1913 4291 factam
1940 4248 1956 4303 ;
1984 4230 2133 4309 quia

569 4324 656 4385 ibi
681 4325 870 4387 etiam
899 4325 1142 4405 cogitur
1169 4342 1280 4384 seu
1315 4322 1626 4403 obligatur
1653 4323 1814 4385 alius
1843 4322 1926 4385 ad
1962 4340 2135 4385 com·

571 4418 982 4479 mutationem
1017 4415 1404 4489 faciendam3
1451 4414 1532 4475 ad
1577 4414 1698 4477 hoc
1737 4420 1947 4478 autem
1980 4416 2136 4478 obli-

573 4510 708 4589 gari
733 4526 860 4571 non
885 4514 1094 4591 potest
1125 4526 1201 4571 ex
1221 4509 1480 4589 justitia,
1523 4508 1642 4571 nisi
1665 4510 1732 4570 in
1769 4510 1830 4571 vi
1865 4508 2133 4590 alicujus

571 4603 739 4683 pacti
763 4602 1128 4675 voluntarii3
1177 4600 1322 4680 quia
1347 4602 1466 4661 boc
1495 4619 1624 4663 non
1653 4602 2129 4676 interveniente,

571 4703 780 4776 potest
807 4696 1238 4776 unusquisque
1255 4695 1360 4774 jus
1387 4694 1452 4755 in
1477 4711 1613 4756 rem
1637 4712 1816 4756 suam
1837 4696 2131 4768 retinere,

577 4796 643 4851 et
663 4789 815 4850 illud
833 4808 960 4851 non
981 4787 1299 4850 remittere
1319 4787 1510 4849 etiam
1525 4806 1640 4867 pro
1659 4804 1730 4849 re
1745 4787 1866 4849 alia
1881 4786 2130 4867 aequali.

573 4886 651 4947 Et
676 4884 814 4945 boec
837 4886 932 4943 est
955 4881 1114 4943 ratio
1143 4898 1258 4943 cur
1275 4879 1358 4941 ad
1373 4882 1668 4942 meritum
1693 4881 1774 4943 de
1797 4881 2131 4961 condigno,

569 4984 639 5040 ut
667 4978 732 5038 in
771 4994 848 5039 eo
887 4972 1232 5037 intercedat
1270 4992 1420 5035 vera
1463 4974 1723 5053 justitia,
1765 4974 1953 5036 debet
1984 4992 2134 5053 sup-

569 5072 720 5151 poni
765 5074 1042 5151 pactum,
1089 5075 1152 5129 et
1185 5066 1340 5129 illud
1387 5068 1660 5147 positum
1689 5086 1816 5129 non
1846 5068 2133 5131 diminuit

563 5151 890 5245 justitiam.
923 5160 1186 5235 Quando
1229 5161 1394 5221 enim
1445 5161 1632 5222 homo
1671 5168 1970 5234 meretur,
2002 5178 2133 5223 non

569 5259 748 5321 solvit
775 5258 1079 5328 debitum,
1109 5253 1224 5316 sed
1245 5254 1450 5333 potius
1473 5254 1792 5317 constituit
1808 5254 2000 5316 alium
2027 5256 2132 5317 de·

565 5354 860 5425 bitorem,
917 5356 981 5412 et
1031 5348 1212 5429 quasi
1267 5352 1630 5421 commutat,
1673 5352 1738 5409 et
1789 5348 1941 5409 emit
1976 5367 2129 5427 prte-

567 5448 764 5509 mium
807 5463 920 5525 pro
953 5443 1207 5516 merito;
1249 5441 1650 5521 quantumvis
1691 5444 1904 5502 autem
1944 5442 2130 5503 meri·

565 5549 700 5604 tum
741 5539 822 5600 sit
869 5535 1252 5618 equivalens
1295 5532 1574 5615 premio,
1623 5550 1752 5593 non
1789 5540 1997 5614 potest
2047 5534 2124 5607 is,

1531 399 1742 454 OPUSC.
1779 399 1862 452 Vl.
1898 397 2269 452 msruu‘no
2302 398 2383 450 DE
2412 397 2689 452 susurra
2721 396 2842 450 nm.

2228 499 2339 578 qui
2358 505 2661 572 meretur,
2692 496 2972 577 obligare
3002 495 3195 560 alium
3238 515 3315 560 ex
3336 499 3553 577 justitia
3582 523 3705 570 eom.

2230 592 2531 654 mutativa
2558 591 2640 652 ad
2682 589 3233 652 commutationem
3270 590 3605 673 faciendam,
3626 619 3704 678 per
3765 655 3766 666 1

2230 703 2391 759 sese,
2414 691 2575 747 etex
2601 685 2661 746 vi
2688 683 3029 745 voluntatis
3052 702 3201 758 suae,
3226 685 3344 746 nisi
3368 691 3586 764 pactum
3608 711 3706 772 sup-

2226 785 2499 856 ponatur
2522 797 2539 850 ;
2568 775 2589 838 i
2636 796 2675 838 o
2704 784 2919 838 autem
2946 778 3171 856 posito.
3202 795 3285 839 ex
3308 779 3368 838 vi
3386 779 3603 858 justitia
3624 789 3707 846 σή.

2228 877 2327 932 ιιιι·
2363 871 2659 950 obligatio
2712 869 2793 930 ad
2832 869 3223 931 solvendum.
3278 871 3483 950 Neque
3520 875 3705 942 aliunde

2224 965 2593 1053 diminuitur
2610 964 2875 1044 justitia,
2906 965 3054 1043 quia
3076 964 3479 1043 supponimus
3502 987 3707 1034 commu-
3765 965 3766 998 ³

2222 1059 2525 1122 tationem
2562 1058 2699 1121 fieri
2749 1077 2895 1119 cum
2934 1057 3155 1120 morali
3198 1060 3565 1137 aequalitate3
3588 1068 3705 1142 qnod

2224 1159 2439 1214 autem
2468 1153 2675 1231 pactio
2698 1153 2779 1212 sit
2794 1151 3094 1228 liberalis,
3116 1169 3247 1212 non
3274 1150 3539 1216 diminuit
3556 1175 3706 1234 equa-

2224 1245 2463 1308 litatem
2485 1245 2769 1326 justitiae.

2306 1341 2407 1401 55.
2440 1337 2809 1402 Secundum.
2855 1371 2937 1384 —
2976 1337 3271 1400 Secundo
3307 1337 3625 1418 intelligitur
3654 1362 3707 1404 ex

2222 1434 2403 1496 dictis
2436 1433 2753 1512 quomodo
2794 1432 2861 1494 in
2904 1431 3329 1494 satisfactione
3358 1434 3645 1512 justorum.
3664 1443 3709 1497 et

2222 1528 2421 1589 multo
2460 1526 2663 1606 magis
2684 1527 2933 1600 Christi,
2978 1527 3375 1589 intercedere
3406 1529 3577 1607 possit
3602 1549 3707 1590 vera

2220 1622 2380 1684 ratio
2404 1620 2663 1701 justitiae
2690 1663 2707 1692 ,
2748 1619 3037 1698 quamvis
3074 1620 3433 1690 necessario
3475 1639 3707 1700 suppona-

2220 1719 2323 1776 tur
2347 1717 2621 1792 pactum,
2655 1730 2769 1774 seu
2804 1711 3113 1774 ordinatio
3150 1712 3389 1774 divina.
3428 1713 3581 1786 Nam,
3608 1714 3707 1776 licet

2218 1807 2617 1888 poenalitates
2644 1806 2837 1887 hujus
2854 1807 2995 1867 vitae
3016 1806 3373 1868 voluntarie
3392 1815 3707 1886 assumptas

2210 1901 2419 1981 justis,
2452 1899 2729 1962 habeant
2776 1901 3117 1980 quemdam
3166 1900 3473 1961 moralem
3496 1901 3707 1964 valorem
3765 1939 3766 1976 3

2218 1993 2721 2073 aequivalentem,
2744 1994 2811 2054 in
2836 1995 3076 2056 ratione
3106 1993 3556 2064 satisfactionis,
3582 1995 3709 2054 satis-
3765 1999 3766 2072 ζ

2215 2085 2491 2166 passioni
2516 2087 2880 2168 purgatorii,
2922 2087 3089 2148 Deus
3132 2093 3355 2148 tamen
3392 2104 3499 2166 per
3518 2105 3646 2161 sese,
3668 2094 3709 2150 et

2216 2179 2389 2242 nullo
2438 2180 2761 2260 supposito
2806 2186 2991 2260 pacto
3004 2225 3021 2254 ,
3074 2199 3209 2242 non
3258 2179 3619 2259 obligabatur
3656 2181 3710 2241 ad

2214 2271 2379 2334 hanc
2404 2273 2963 2334 commutationem
2980 2273 3377 2346 faciendam3
3408 2280 3467 2334 et
3490 2273 3623 2346 ideo,
3644 2293 3709 2336 se·

2216 2366 2389 2428 clusa
2431 2366 2843 2446 promissione
2884 2367 3019 2440 Dei,
3051 2387 3181 2428 non
3212 2375 3463 2447 possent
3494 2367 3709 2429 homines

2207 2457 2361 2539 justi
2390 2458 2671 2538 obligare
2700 2459 2909 2538 ipsum
2934 2477 3012 2520 ex
3042 2460 3293 2538 justitia
3332 2459 3457 2520 suis
3484 2460 3707 2539 operibus

2214 2551 2571 2633 poenalibus
2620 2551 2704 2612 ad
2763 2553 3213 2614 remittendam
3259 2553 3576 2632 purgatorii
3614 2571 3707 2630 ρω-

2214 2663 2399 2716 ιιειιιις
2433 2651 2692 2719 atvero,
2724 2647 3047 2724 supposita
3074 2647 3291 2708 divina
3316 2646 3475 2728 lege,
3492 2647 3601 2726 jam
3616 2646 3707 2724 jus-

2210 2743 2315 2798 tus
2340 2756 2488 2799 vere
2528 2738 2709 2800 solvit
2734 2757 2919 2800 suum
2942 2739 3233 2801 debitum
3256 2757 3371 2819 per
3396 2743 3499 2800 has
3524 2755 3701 2817 poenas,

2212 2832 2361 2910 quia
2390 2831 2711 2894 moraliter
2739 2833 2975 2894 habent
3004 2833 3429 2913 aequalitatem
3452 2835 3511 2894 in
3532 2833 3701 2905 valore,

2214 2930 2277 2986 et
2318 2925 2549 3003 alioqui
2568 2925 2701 3004 jam
2733 2931 2828 2987 est
2870 2926 3014 3006 lege
3044 2926 3323 2988 stabilita
3361 2927 3703 2994 commutatio,

2216 3017 2318 3079 vel
2350 3019 2553 3096 (ut‘sic
2581 3017 2810 3097 dicam)
2846 3019 3141 3098 utrinque
3168 3025 3509 3100 acceptata.
3538 3017 3705 3082 Simili·
3765 3057 3766 3098 ἐ

2212 3118 2311 3173 ter
2338 3117 2455 3185 est,
2496 3113 2669 3191 quod
2691 3118 3005 3193 peccator,
3052 3132 3129 3175 ex
3166 3114 3233 3173 vi
3266 3116 3367 3175 sui
3400 3120 3603 3185 reatus,
3630 3114 3705 3171 ob-

2213 3205 2437 3265 noxius
2468 3206 2659 3267 estin
2684 3224 2801 3267 sua
2848 3224 3121 3285 persona
3162 3224 3423 3286 poenam
3452 3206 3701 3271 sustineat
3765 3244 3766 3251 ι

2214 3314 2295 3375 qu
2303 3316 2408 3358 am
2422 3303 2635 3378 posset
2652 3300 2815 3361 Deus
2834 3300 3258 3363 determinate
3274 3302 3532 3380 exigere,
3554 3307 3601 3361 et
3616 3298 3704 3357 nul-
3765 3290 3766 3365 Ϊ

2213 3389 2341 3451 lam
2370 3392 2925 3453 commutationem
2948 3394 3161 3473 quoad
3186 3396 3313 3455 hoc
3335 3398 3644 3471 acceptam
3662 3396 3703 3449 at

2210 3501 2363 3545 vero
2404 3488 2741 3563 postquam
2776 3487 3079 3565 promisit,
3136 3492 3205 3549 et
3256 3488 3463 3549 statuit
3500 3490 3558 3545 ut
3590 3502 3701 3543 unus
3765 3534 3766 3543 ,

2206 3576 2413 3655 justus
2438 3584 2653 3657 posset
2672 3596 2787 3657 pro
2820 3578 2941 3639 alio
2984 3578 3375 3653 satisfacere,
3397 3580 3519 3658 jam
3554 3578 3605 3637 in
3634 3576 3699 3635 illa
3765 3572 3766 3651 ᾖ

2212 3670 2631 3733 satisfactione
2660 3678 2723 3733 et
2756 3673 3250 3735 commutatione
3298 3672 3597 3735 intervenit
3608 3672 3700 3749 jus-
3765 3670 3766 3753 }

2210 3764 2365 3839 titia,
2422 3766 2571 3845 quia
2620 3766 2785 3827 inter
2836 3766 3117 3827 actiones
3168 3772 3269 3829 est
3316 3764 3621 3845 aequalitas,
3658 3766 3701 3821 et

2212 3856 2367 3919 alias
2394 3858 2797 3919 commutatio
2814 3857 3115 3919 fundatur
3134 3858 3201 3919 in
3222 3878 3390 3921 novo
3408 3862 3585 3938 pacto.

2298 3952 2397 4013 56.
2444 3950 2727 4032 objectio.
2748 3982 2835 3997 —
2870 3950 3139 4015 Salutio.
3162 3954 3388 4014 —Hoc
3414 3952 3591 4030 ipsum
3620 3962 3698 4024 ego

2216 4044 2363 4105 alibi
2416 4044 2683 4123 explicui
2726 4044 3005 4105 humano
3034 4046 3329 4124 exemplo
3380 4044 3457 4105 de
3500 4043 3603 4111 illo,
3624 4039 3697 4116 qui

2212 4138 2405 4199 habet
2430 4138 2747 4217 captivum
2764 4137 2907 4216 jure
2934 4136 3103 4211 belli,
3132 4154 3330 4216 quem
3348 4136 3595 4199 absolute
3610 4148 3697 4192 nun

2214 4234 2465 4293 tenetur
2518 4249 2597 4292 ex
2640 4230 2881 4310 justitia
2918 4230 3205 4293 libertate
3256 4232 3483 4293 donare
3503 4276 3517 4304 ‚
3562 4228 3697 4289 etiam

2214 4325 2417 4405 pretio
2446 4324 2695 4397 oblato;
2734 4324 2785 4385 si
2816 4330 3029 4385 tamen
3058 4325 3323 4387 accedat
3345 4328 3586 4403 pactum,
3603 4320 3697 4397 jam

2216 4418 2335 4479 erit
2360 4417 2661 4495 obligatio
2697 4416 2973 4497 justitie.
3004 4418 3187 4489 Quod
3226 4419 3453 4498 optime
3476 4410 3697 4489 intelligi-

2212 4516 2337 4585 tur,
2386 4510 2435 4571 si
2470 4510 2889 4589 praecessisset
2936 4516 3191 4589 pactum
3236 4512 3400 4573 inter
3434 4506 3693 4589 principes,

2216 4610 2281 4665 et
2312 4604 2745 4683 unusquisque
2792 4610 3113 4665 teneretur
3151 4604 3457 4665 redimere
3486 4604 3693 4679 captivos

2207 4696 2381 4776 justo
2426 4696 2629 4777 pretio
2672 4696 2905 4759 oblato.
2946 4697 3125 4769 Quod
3164 4691 3508 4776 eiemplum
3540 4691 3693 4752 dicunt

2214 4790 2405 4867 aliqui
2432 4807 2561 4849 non
2602 4806 2743 4851 esse
2778 4790 2861 4851 ad
2886 4806 3061 4865 rem3
3102 4790 3271 4869 quia,
3322 4806 3459 4851 cum
3480 4784 3595 4865 quis
3620 4782 3694 4841 ha·

2212 4882 2323 4944 bet
2348 4882 2625 4961 aliquem
2652 4884 2988 4963 captivum,
3032 4885 3165 4963 ipse
3196 4883 3477 4945 domiuus
3502 4896 3606 4939 nou
3626 4878 3691 4933 est

2210 4976 2395 5039 laesus
2422 4978 2503 5039 ab
2526 4976 2759 5056 aliquo,
2776 4996 2987 5057 neque
3012 4976 3102 5039 illi
3128 4977 3353 5057 aliquis
3376 4975 3586 5037 debitor
3604 4974 3684 5038 esti

2212 5076 2279 5133 et
2318 5074 2802 5147 consequenter,
2832 5072 2939 5150 qui
2958 5072 3145 5132 offert
3172 5071 3432 5150 pretium
3468 5084 3561 5147 pro
3588 5078 3688 5137 1²²¹}y

2212 5162 2362 5235 tivo,
2382 5180 2511 5223 non
2540 5162 2838 5225 satisfacit
2862 5181 2977 5241 pro
3004 5164 3217 5243 aliquo
3234 5163 3455 5233 debito,
3476 5158 3557 5221 vel
3562 5158 3680 5235 jure.

2214 5255 2339 5319 Sed
2366 5256 2485 5315 hoc
2514 5274 2643 5317 non
2672 5256 2759 5316 ita
2786 5262 2883 5317 est
2916 5274 2931 5315 ε
2960 5274 3111 5317 nam
3136 5257 3410 5335 captivus
3424 5254 3547 5332 jure
3578 5244 3682 5309 belli
3765 5254 3766 5323 j

2212 5348 2575 5410 servitutem
2604 5348 2889 5423 sustinet,
2928 5356 3231 5433 tanquam
3268 5364 3521 5429 pomam,
3551 5340 3680 5401 ratio·

2211 5460 2291 5503 ne
2326 5442 2572 5522 injurias
2600 5460 2715 5521 per
2739 5440 3223 5505 debellationem
3249 5439 3591 5505 commissae;
3614 5449 3678 5490 0-1·-
3765 5502 3766 5511 ,

2212 5554 2316 5616 go,
2358 5538 2420 5595 et
2452 5536 2825 5615 supponitur
2850 5536 3141 5597 dominus
3185 5535 3383 5607 lassus„
3411 5531 3469 5594 id
3500 5533 3588 5605 est,
3616 5525 3676 5584 in·
3765 5610 3766 5613 Ἴ
