3850 6225
505 497 623 567 est,
655 497 726 552 ut
755 490 1148 570 supponitur,
1175 509 1328 570 ergo
1359 495 1455 552 est
1488 491 1895 566 inevitabilis;
1921 492 2067 572 quia

503 587 636 646 haec
663 583 1100 663 aequivalentia
1129 589 1294 645 sunt.
1341 585 1520 647 Unde
1546 585 1836 664 sophistoe
1863 586 2063 660 aiunt,

503 697 542 738 a
591 675 1014 756 propositione
1067 683 1340 756 negante
1401 678 1485 739 ad
1527 679 1943 742 affirmantem
1986 680 2067 742 de

502 770 837 851 praedicato
877 774 1132 848 negato,
1181 771 1483 850 optimam
1516 791 1654 834 esse
1696 773 2064 847 illationem,

507 865 829 943 supposita
857 865 1226 937 constantia,
1261 883 1374 926 seu
1415 864 1678 944 subjecti
1710 866 2061 927 existentia.

505 958 618 1018 Vel
646 977 680 1018 e
725 958 1034 1018 contrario
1073 957 1284 1038 colligi
1312 965 1540 1038 potest,
1580 959 1630 1020 si
1657 960 1916 1020 effectus
1937 977 2066 1020 non

505 1061 600 1112 est
635 1050 1030 1123 inevitabiIIS,
1085 1052 1443 1112 necessario
1483 1051 1620 1114 fore
1667 1052 2061 1126 evitabilem3

505 1143 652 1222 quia
683 1144 814 1204 haec
845 1143 1032 1203 etiam
1065 1144 1460 1223 aequivalent.
1507 1146 1646 1206 Non
1673 1151 1766 1207 est
1795 1164 1945 1225 ergo
1976 1146 2067 1206 in·-

504 1236 884 1298 conveniens
905 1237 1251 1300 concedere
1274 1239 1532 1299 effectus
1555 1258 1592 1300 a
1620 1239 1752 1299 Deo
1781 1239 2065 1319 provisos

503 1349 619 1410 per
645 1349 866 1390 causas
889 1330 1119 1392 liberas
1161 1349 1298 1392 esse
1341 1332 1685 1406 evitabileS,
1717 1351 1838 1394 nec
1865 1333 2071 1395 Theo-

503 1423 632 1501 logi
659 1424 840 1485 aliter
860 1423 1238 1502 loquuntur:
1299 1425 1414 1486 sed
1451 1427 1658 1488 solum
1685 1426 1902 1487 dicunt
1931 1443 2071 1488 esse

505 1527 710 1582 certos
765 1527 826 1582 et
855 1521 1237 1597 infallibileS,
1287 1523 1458 1602 quod
1511 1529 1605 1584 est
1653 1521 1836 1585 valde
1866 1523 2072 1583 diver-

505 1633 676 1688 sum3
713 1635 860 1675 nam
904 1615 1249 1689 infallibile,
1281 1622 1352 1679 ut
1387 1616 1533 1691 dixi,
1565 1616 1833 1678 refertur
1862 1617 1944 1677 ad
1973 1635 2073 1678 co-

503 1708 870 1788 gnitionem,
914 1709 1202 1770 evitabile
1255 1728 1406 1771 vero
1445 1710 1528 1770 ad
1563 1729 1843 1783 causam,
1877 1729 1912 1770 a
1944 1729 2069 1790 qua

504 1803 762 1863 effectus
799 1808 1032 1878 manat,
1071 1803 1170 1864 vel
1194 1804 1482 1884 impediri
1500 1811 1742 1884 potest;
1789 1803 1929 1864 fieri
1956 1823 2070 1864 au-

507 1899 627 1956 tem
657 1901 864 1973 potest
903 1901 969 1956 ut
993 1896 1218 1975 aliquis
1255 1897 1514 1959 effectus
1543 1899 1739 1977 possit
1780 1896 2069 1976 impediri

506 2006 543 2047 a
577 2007 689 2048 sua
730 2007 941 2061 causa,
987 2007 1188 2068 eaque
1231 1990 1474 2051 ratione
1521 1990 1823 2052 evitabilis
1873 1991 1971 2064 sit,
2007 1996 2069 2053 et

501 2087 714 2142 tamen
743 2081 912 2161 quod
942 2100 1069 2142 non
1099 2083 1175 2144 sit
1204 2083 1664 2162 impediendae,
1693 2089 1755 2145 et
1779 2101 1855 2145 ea
1881 2084 2067 2145 ratio·

501 2191 584 2234 ne
615 2175 693 2235 sit
719 2173 1076 2235 infallibilis.
1116 2175 1416 2247 Quocirca
1449 2177 1742 2238 effectum
1772 2195 1910 2240 esse
1942 2177 2069 2238 evi-

502 2267 780 2340 tabilem,
824 2267 978 2328 nihil
1015 2268 1186 2328 aliud
1233 2287 1370 2330 esse
1411 2269 1658 2330 videtur
1701 2288 1894 2349 quam
1925 2287 2067 2332 esse

504 2361 1007 2440 contingentem3
1039 2361 1184 2438 quia
1215 2360 1586 2442 contingens
1615 2369 1730 2434 est,
1760 2364 1931 2442 quod
1958 2381 2069 2442 po-

501 2458 624 2512 test
649 2471 787 2514 esse
816 2457 877 2513 et
905 2471 1032 2513 non
1072 2471 1244 2527 esse;
1281 2459 1344 2515 et
1377 2453 1660 2516 futurum
1697 2457 2067 2534 contingens

503 2546 796 2624 estquod
823 2547 910 2607 ita
935 2545 1214 2606 futurum
1251 2553 1366 2620 est,
1409 2553 1477 2608 ut
1505 2549 1700 2627 possit
1724 2567 1854 2609 non
1884 2567 2021 2610 esse
2044 2567 2061 2622 ;

502 2637 616 2700 sed
639 2657 822 2717 posse
845 2656 972 2700 non
997 2657 1134 2700 esse
1153 2645 1216 2700 et
1237 2657 1421 2720 posse
1449 2641 1663 2704 evitari
1691 2643 1858 2702 idem
1879 2648 2059 2715 sunt;

503 2731 662 2792 sicut
693 2749 840 2811 ergo
865 2731 1123 2794 effectus
1150 2733 1378 2812 provisi
1409 2751 1446 2794 a
1473 2734 1627 2808 Deo,
1658 2734 2067 2796 nihilominus

501 2826 938 2904 contingentes
984 2832 1266 2900 manent,
1299 2827 1384 2888 ita
1414 2827 1604 2888 etiam
1631 2833 1892 2890 manent
1918 2829 2069 2891 sim-

501 2916 744 2997 pliciter
769 2917 1112 2979 evitabileS.

578 3012 677 3070 17.
727 3011 970 3092 Duplex
997 3015 1086 3074 est
1119 3009 1376 3092 acceptio
1405 3013 1592 3095 hujus
1626 3015 1787 3078 vocis
1817 3015 2067 3079 evitabi-

497 3104 601 3167 lis.
635 3136 710 3149 —
739 3105 813 3165 Et
840 3105 958 3166 hoc
981 3103 1272 3167 facillime
1305 3104 1580 3168 salvatur
1605 3107 1674 3168 in
1701 3107 1799 3169 his
1830 3107 2065 3170 effecti-

496 3199 615 3259 bus
646 3197 753 3277 qui
781 3198 1067 3277 praefiniti
1097 3218 1226 3261 non
1257 3206 1402 3263 sunt
1430 3245 1446 3274 ,
1491 3202 1636 3279 quia
1663 3202 1729 3263 hi
1763 3221 1891 3263 non
1917 3210 2065 3265 sunt

498 3291 849 3351 infallibiles
883 3292 999 3351 nisi
1042 3310 1120 3353 ex
1153 3294 1569 3372 praescientia.
1613 3296 2064 3359 Verumtamen

499 3384 652 3445 illud
689 3403 816 3445 non
861 3385 1062 3445 solum
1105 3391 1201 3446 est
1240 3404 1462 3447 verum
1493 3387 1570 3448 de
1611 3388 1937 3451 effectibus
1966 3396 2065 3453 ut-

499 3497 767 3557 cumque
802 3478 1087 3557 provisiS,
1123 3477 1236 3540 sed
1265 3482 1450 3540 etiam
1479 3480 1556 3541 de
1583 3482 1926 3561 praefinitiS,
1957 3483 2063 3563 qui

490 3572 580 3635 ita
625 3572 912 3652 praefiniti
957 3579 1104 3635 sunt
1142 3580 1210 3633 ut
1258 3576 1695 3654 contingenter
1742 3578 2057 3639 eveniant.

497 3666 674 3729 Unde
712 3668 832 3728 hoc
863 3685 992 3727 non
1039 3668 1242 3727 solum
1284 3687 1414 3729 non
1455 3675 1550 3731 est
1591 3674 1806 3731 contra
1842 3671 2065 3735 divinae

497 3758 902 3838 providentiae
933 3759 1405 3837 perfectionem,
1435 3782 1654 3823 verum
1677 3765 1870 3825 estad
1892 3764 2063 3825 illam

497 3854 956 3925 necessarium:
987 3854 1134 3933 quia
1164 3860 1362 3915 totum
1383 3856 1502 3919 hoc
1525 3857 1642 3919 sub
1667 3857 1842 3919 illam
1863 3859 2057 3933 cadit,

496 3945 752 4019 scilicet,
785 3952 854 4007 ut
883 3946 1144 4009 effectus
1171 3948 1234 4007 hi
1260 3947 1436 4023 fiant,
1471 3956 1532 4012 et
1557 3951 1646 4011 ita
1669 3950 1825 4011 fiant
1849 3955 1917 4011 ut
1945 3952 2062 4012 im-

492 4040 688 4118 pediri
737 4040 1008 4119 possint,
1059 4059 1189 4102 non
1237 4047 1450 4103 tamen
1501 4043 1956 4121 impediantur,
2009 4046 2059 4105 si

489 4133 777 4213 praefiniti
807 4140 952 4194 sunt
976 4133 1261 4197 absolute
1301 4141 1370 4195 ut
1397 4132 1572 4197 fiant.
1611 4137 2061 4199 Verumtamen

490 4226 625 4287 haec
661 4228 849 4287 etiam
884 4227 1214 4305 praefinitio
1253 4228 1404 4289 dicit
1443 4229 1730 4291 ordinem
1774 4230 1856 4291 ad
1901 4249 2063 4309 proe-

493 4320 863 4393 scientiam;
921 4320 1181 4383 includit
1234 4321 1402 4383 enim
1441 4323 1662 4384 talium
1707 4324 2061 4387 mediorum

490 4412 591 4473 vel
612 4431 945 4474 causarum
966 4414 1274 4489 ordinem,
1304 4416 1532 4494 quibus
1554 4419 1722 4478 Deus
1751 4417 2063 4496 praescivit

493 4522 620 4565 non
646 4505 780 4565 fore
809 4506 1279 4585 impediendum
1310 4509 1636 4584 effectum,
1676 4509 1921 4572 etiamsi
1950 4510 2061 4571 im·

491 4598 688 4678 pediri
727 4598 807 4659 ab
851 4600 1004 4679 ipsis
1046 4600 1276 4679 possit;
1319 4608 1381 4663 et
1421 4604 1505 4663 ita
1547 4609 1762 4663 manet
1801 4605 2059 4665 effectus

489 4690 864 4769 impedibilis
896 4710 1009 4752 seu
1041 4692 1379 4769 evitabilis,
1430 4698 1492 4756 et
1533 4696 1941 4758 nihilominus
1969 4698 2061 4757 in-

491 4782 784 4859 falfihilis,
811 4785 982 4864 quod
1001 4786 1204 4847 solum
1224 4787 1484 4867 requirit
1509 4788 1808 4867 perfectio
1835 4789 2059 4853 divinoe

492 4877 896 4956 providentias
925 4878 1086 4940 circa
1118 4880 1276 4941 tales
1309 4886 1506 4958 actua,
1542 4882 1690 4961 quia
1717 4900 1844 4942 non
1877 4883 2059 4945 aliter

495 4987 602 5031 eos
628 4970 912 5049 providit.
953 4971 1154 5047 Adde,
1189 4973 1271 5034 ad
1293 4974 1635 5035 tollendam
1662 4975 1834 5035 vocis
1862 4975 2057 5036 ambi-

493 5064 828 5141 guitatem,
874 5063 1170 5145 distingui
1203 5084 1388 5145 posse
1425 5066 1504 5127 de
1541 5068 1856 5128 evitabili:
1907 5086 2056 5129 nam

490 5158 655 5217 sumi
689 5161 896 5237 potest
939 5163 1009 5218 ιιι
1051 5158 1254 5221 solum
1287 5159 1436 5223 dicit
1481 5160 2055 5223 denominationem

488 5250 893 5330 potentialem
937 5270 974 5311 a
1016 5270 1206 5313 causa
1253 5254 1558 5332 proxima,
1601 5260 1662 5314 et
1703 5254 1822 5316 hoc
1863 5254 2053 5315 modo

489 5344 754 5406 dicimus
802 5347 1058 5409 effectus
1109 5348 1540 5429 contingentes
1587 5348 1814 5412 divinae
1853 5350 2055 5429 provi·

488 5438 741 5511 dentiae,
771 5440 960 5500 etiam
988 5445 1174 5521 prout
1198 5441 1282 5502 illi
1313 5442 1602 5515 subsunt,
1635 5459 1772 5502 esse
1799 5440 2053 5503 evitabi-

487 5531 603 5605 les,
634 5538 696 5593 et
725 5532 856 5592 haec
879 5539 971 5593 est
997 5535 1250 5614 propria
1281 5541 1342 5596 et
1367 5536 1648 5615 rigorosa
1670 5534 1842 5595 vocis
1864 5532 2051 5613 signi·

1060 388 1270 442 OPUSC.
1307 390 1350 451 1,
1382 389 1496 440 Lis.
1531 388 1594 442 11.
1633 389 1712 441 DE
1746 389 2066 442 CONCURSU
2098 391 2202 444 nm
2234 393 2319 444 AB
2351 391 2552 446 AcTus
2582 389 2827 442 onmms
2860 389 3146 443 NATURA-3.

2147 492 2377 556 ficatio.
2429 495 2625 556 Aliter
2665 511 2813 554 vero
2856 491 2977 554 dici
3020 494 3227 572 potest
3268 487 3561 550 evitabile
3602 503 3717 564 per

2149 587 2434 650 ordinem
2478 587 2558 648 ad
2596 590 2843 658 actum;
2886 585 3033 664 quia
3074 601 3204 643 non
3248 580 3454 642 solum
3500 579 3719 640 evitari

2147 686 2373 760 potest,
2409 685 2715 760 quantum
2760 696 2836 739 ex
2876 677 2939 738 vi
2975 691 3183 738 causae
3224 675 3557 754 proximae,
3608 669 3718 730 sed

2150 776 2341 834 etiam
2370 775 2447 836 de
2480 775 2643 834 facto
2666 771 2839 832 nulla
2866 770 3137 832 conditio
3161 769 3559 848 supponitur,
3596 785 3719 843 qua

2148 874 2349 929 stante
2370 887 2501 929 non
2520 867 2715 946 possit
2734 865 2837 925 illa
2863 863 3141 944 potentia
3156 861 3373 924 reduci
3392 862 3461 920 in
3484 865 3715 920 actum.

2146 962 2221 1022 Et
2258 961 2377 1022 hoc
2427 961 2615 1022 modo
2654 959 2775 1020 dici
2804 962 3011 1038 potest
3051 955 3425 1017 inevitabilis
3460 953 3721 1014 effectus

2148 1055 2417 1128 futuruS‚
2448 1058 2633 1134 prout
2645 1053 2781 1132 jam
2806 1058 2901 1114 est
2922 1051 3039 1112 sub
3060 1050 3269 1112 divina
3296 1045 3717 1129 providentia.

2150 1152 2212 1208 et
2234 1147 2505 1208 maxime
2522 1146 2570 1206 si
2590 1145 3039 1225 sitpraefinituS,
3056 1144 3227 1223 quia,
3246 1143 3393 1204 licet
3404 1142 3477 1201 in
3505 1140 3722 1202 ordine

2150 1240 2231 1302 ad
2244 1258 2423 1301 suam
2439 1257 2695 1300 causam
2715 1241 2793 1300 sit
2820 1239 3010 1318 priori
3026 1235 3214 1298 modo
3236 1234 3554 1297 evitabilis
3572 1279 3593 1305 ‚
3636 1239 3724 1292 ta-

2151 1353 2299 1396 men
2320 1335 2384 1394 in
2396 1333 2615 1395 ordine
2634 1332 2718 1393 ad
2732 1333 3007 1392 divinam
3022 1327 3491 1410 providentiam
3510 1328 3723 1388 evitari

2152 1447 2279 1489 non
2306 1433 2543 1507 potest:
2570 1426 2719 1504 quia
2746 1426 2831 1485 ita
2864 1423 3219 1504 diriguntur
3246 1439 3495 1494 causae,
3540 1427 3615 1480 ut
3642 1421 3727 1480 in·

2150 1521 2405 1583 fallihile
2438 1521 2515 1582 sit
2541 1539 2669 1580 non
2686 1519 2819 1580 fore
2843 1516 3298 1598 impediendae.
3340 1517 3493 1576 Haec
3516 1522 3725 1574 autem

2154 1613 2591 1676 inevitabilitas
2644 1611 2905 1672 includit
2954 1609 3455 1688 suppositionem
3508 1625 3727 1667 const>

2153 1714 2475 1786 quentem,
2506 1707 2801 1766 nimirum
2824 1704 3283 1785 praescientiam
3312 1702 3519 1764 futuri
3548 1703 3727 1761 effee-

2150 1806 2273 1873 tus,
2308 1801 2360 1861 si
2390 1818 2595 1860 causae
2625 1799 2762 1878 ejus
2792 1799 3249 1860 constituantur
3279 1797 3343 1856 in
3376 1797 3509 1856 hac
3538 1795 3641 1854 vel
3668 1795 3727 1853 in

2149 1893 2252 1954 illa
2294 1894 2620 1956 occasione
2660 1892 2995 1972 operandi;
3044 1897 3106 1952 et
3150 1891 3267 1951 hac
3302 1889 3565 1950 ratione
3604 1905 3723 1946 non

2146 1993 2460 2066 repugnat
2486 1986 2753 2047 libertati
2784 1989 2848 2047 et
2876 1983 3338 2062 contingentiae.
3386 1983 3469 2042 Et
3502 1981 3607 2042 hic
3636 1997 3725 2040 ac-

2148 2079 2583 2142 commodatur
2608 2079 2841 2158 optime
2866 2095 3087 2138 sensus
3116 2076 3351 2137 divisus
3380 2078 3447 2136 et
3474 2091 3723 2150 compo-

2148 2173 2303 2235 situs
2334 2191 2349 2246 ;
2387 2177 2481 2234 est
2517 2171 2684 2232 enim
2710 2172 2815 2232 ille
2842 2170 3103 2231 effectus
3134 2167 3449 2228 evitabilis
3486 2163 3725 2244 simpli-

2149 2267 2325 2338 citer,
2364 2283 2477 2325 seu
2502 2265 2561 2324 in
2594 2283 2783 2325 sensu
2812 2263 3051 2336 diviso;
3099 2260 3483 2322 inevitabilis
3516 2265 3723 2318 autem

2150 2357 2498 2421 secundum
2528 2357 2702 2438 quid,
2736 2376 2849 2418 seu
2878 2357 2943 2416 in
2978 2373 3169 2417 sensu
3208 2353 3575 2432 composito
3600 2398 3617 2422 ‚
3654 2370 3723 2410 ex

2150 2451 2577 2531 suppositione
2634 2449 3015 2512 futuritionis
3074 2449 3211 2527 ejus
3272 2445 3569 2525 praevisae
3606 2464 3625 2516 ς
3672 2451 3723 2504 et

2146 2545 2289 2606 ideo
2316 2544 2424 2604 illa
2454 2544 2579 2604 duo
2608 2562 2737 2604 non
2760 2548 3135 2622 repugnant.
3185 2539 3599 2602 Providentia
3628 2556 3727 2597 au-

2145 2644 2277 2700 tem
2312 2639 2547 2711 divina,
2594 2643 2663 2698 ut
2698 2642 2985 2698 versatur
3022 2635 3188 2696 circa
3231 2633 3447 2694 futura
3486 2631 3727 2692 contin-

2148 2733 2381 2814 gentia,
2418 2750 2545 2792 non
2576 2736 2670 2791 est
2698 2729 3059 2802 infallibilis,
3102 2727 3219 2788 nisi
3248 2725 3595 2806 supposita
3626 2725 3727 2784 Dei

2147 2825 2570 2906 praescientia3
2601 2830 2664 2883 et
2690 2822 2832 2885 ideo
2860 2822 3101 2888 nullam
3130 2819 3317 2882 infert
3338 2818 3729 2882 inevitabili-

2148 2925 2341 2982 tatem
2392 2919 2757 2998 simpliciter
2786 2962 2801 2992 ,
2846 2935 2987 2998 quae
3042 2915 3495 2996 contingentiae
3550 2933 3729 2992 repu-

2150 3018 2320 3094 gnat.

2180 3168 2351 3235 Num
2374 3168 2755 3251 providentia
2782 3168 2990 3232 divina
3011 3168 3285 3249 effectum
3306 3183 3426 3228 non
3454 3166 3695 3227 sortiri

2810 3262 3037 3345 possit.

2226 3393 2325 3453 18.
2368 3388 2720 3472 Responsio.
2767 3422 2847 3437 -·-
2888 3392 3092 3469 Atque
3117 3388 3263 3449 hinc
3290 3394 3553 3449 constat
3582 3386 3727 3465 quid

2144 3482 2225 3545 de
2254 3484 2473 3545 ultimo
2502 3488 2735 3563 puncto
2764 3482 3104 3544 dicendum
3128 3480 3235 3555 sit,
3272 3480 3606 3552 videlieet,
3652 3500 3725 3538 an

2144 3576 2354 3638 divina
2378 3576 2769 3655 providentia
2796 3576 2995 3655 possit
3014 3592 3142 3635 non
3162 3572 3432 3651 impleri,
3460 3574 3577 3635 vel
3608 3592 3727 3633 non

2146 3670 2396 3749 assequi
2439 3669 2632 3731 finem
2668 3669 2997 3729 intentum.
3044 3669 3114 3730 In
3154 3684 3279 3746 quo
3320 3666 3529 3727 etiam
3568 3669 3729 3727 Tho-

2144 3764 2344 3823 mistoe
2387 3762 2557 3822 varie
2594 3761 2985 3840 loquantum
3030 3760 3362 3839 Cajetanus
3384 3804 3403 3831 ‚
3445 3762 3483 3819 1
3538 3766 3727 3839 part..

2144 3859 2359 3933 quaest.
2392 3856 2495 3929 22,
2527 3856 2703 3915 artic.
2736 3857 2795 3927 1,
2828 3859 3007 3933 putat
3034 3854 3153 3915 hoc
3180 3870 3557 3931 repugnare
3590 3872 3731 3932 per-

2140 3947 2393 4009 fectioni
2420 3947 2642 4009 divinae
2665 3948 3091 4028 providentiae,
3120 3952 3183 4007 et
3200 3952 3381 4026 putat
3404 3964 3561 4007 esse
3590 3966 3729 4007 sen·

2139 4041 2399 4103 tentiam
2423 4041 2549 4102 divi
2575 4042 2849 4115 Thomae,
2876 4058 3071 4119 quam
3094 4058 3213 4121 ego
3246 4041 3312 4101 in
3336 4058 3415 4102 eo
3448 4058 3598 4101 non
3638 4042 3731 4100 in-

2138 4134 2347 4195 venio.
2377 4133 2539 4205 Quin
2562 4134 2791 4214 potius,
2828 4140 3046 4212 quaest.
3080 4136 3117 4195 6
3146 4134 3225 4195 de
3252 4134 3479 4206 Verit„
3508 4142 3635 4193 art.
3669 4138 3723 4201 ¹,

2140 4234 2357 4305 aperte
2382 4227 2529 4289 dicit
2548 4228 2929 4306 oppositum,
2954 4234 3018 4289 et
3040 4227 3209 4289 idem
3230 4226 3555 4307 significat
3578 4228 3647 4287 in
3672 4232 3723 4297 t,

2142 4320 2410 4381 distinct.
2462 4322 2565 4383 40.
2618 4324 2817 4399 Atque
2862 4321 2949 4381 ita
2996 4322 3274 4382 sentiunt
3322 4320 3587 4381 Ferrar.
3624 4368 3641 4391 ‚
3690 4322 3727 4379 3

2142 4418 2307 4474 εοιιι.
2352 4412 2561 4485 Gent.,
2602 4414 2789 4493 capit.
2832 4415 2951 4487 943
2998 4413 3293 4493 Sylvest.,
3331 4414 3400 4474 in
3430 4415 3723 4481 constit„

2142 4513 2361 4585 quaest.
2400 4509 2504 4581 22,
2554 4507 2728 4568 artic.
2763 4510 2828 4578 13
2866 4514 2929 4569 et
2953 4507 3131 4569 multi
3157 4508 3461 4587 Theologi
3488 4554 3506 4577 ,
3562 4508 3633 4568 in
3670 4516 3723 4576 1.

2142 4600 2413 4662 distinct.
2449 4602 2527 4661 39
2554 4606 2616 4661 ει
2642 4602 2743 4663 40.
2776 4600 2901 4661 Sed
2931 4602 3034 4661 vix
3054 4607 3260 4680 potest
3292 4618 3431 4661 esse
3462 4601 3727 4662 dissen-

2142 4693 2255 4765 si0,
2290 4693 2339 4754 si
2372 4711 2473 4755 res
2509 4692 2882 4755 declaretur.
2914 4696 3131 4771 Itaque
3160 4702 3401 4757 certum
3428 4702 3537 4757 est
3564 4697 3725 4757 divi-

2138 4804 2287 4846 nam
2316 4786 2772 4865 providentiam
2800 4805 2929 4848 non
2966 4788 3171 4849 solum
3203 4788 3503 4849 ordinare
3542 4790 3613 4849 in
3652 4792 3721 4848 li-

2138 4896 2289 4939 nem
2312 4898 2387 4941 εει
2414 4896 2553 4958 quoe
2580 4879 2867 4958 praefinit,
2900 4880 3017 4941 sed
3042 4881 3235 4942 etiam
3258 4899 3335 4942 ea
3362 4898 3509 4961 quae
3542 4890 3721 4943 anto-

2138 4970 2399 5033 cedente
2440 4990 2553 5034 seu
2586 4972 3010 5035 conditionata
3035 4973 3354 5035 voluntate
3394 4974 3713 5040 intendit;

2138 5066 2309 5145 quod
2338 5073 2465 5127 tam
2500 5072 2741 5127 certum
2768 5067 3015 5127 videtur
3032 5111 3049 5141 ,
3094 5074 3163 5128 ut
3192 5068 3329 5128 sine
3356 5068 3717 5129 manifestis

2134 5162 2201 5221 in
2229 5160 2355 5221 fide
2381 5160 2695 5220 erroribus
2716 5160 2935 5238 negari
2961 5178 3089 5221 non
3116 5161 3333 5239 possit.
3362 5160 3516 5232 Quis
3544 5163 3716 5221 enim

2138 5253 2380 5316 dubitet
2420 5254 2645 5325 Deum,
2692 5271 2771 5315 ex
2809 5253 3199 5331 providentia
3242 5256 3717 5334 supernaturali

2136 5345 2458 5408 ordinasse
2501 5346 2783 5424 angelos,
2820 5346 3176 5409 Luciferum
3214 5352 3277 5409 et
3306 5346 3513 5407 socios
3546 5349 3713 5426 ejus.

2134 5438 2197 5499 in
2240 5438 2781 5519 supernaturalem
2823 5438 3205 5513 felicitatem,
3254 5456 3447 5518 qnam
3478 5444 3717 5501 volun-

2134 5538 2258 5595 tate
2304 5530 2689 5613 praefinieute
2738 5550 3063 5611 nunquam
3108 5534 3201 5596 eis
3246 5534 3501 5595 voluit?
3562 5534 3713 5607 Quis
