3850 6225
657 391 789 444 CAP.
826 392 886 444 11.
923 391 1289 446 GRATm'rvn
1318 395 1401 448 m·
1432 391 1964 448 SUPEBNATURALE
1995 391 2300 444 auxlulm
2333 391 2416 442 An
2447 389 2586 450 1108,
2621 389 2752 440 E‘rc.

136 497 399 571 quantum
428 489 491 550 in
520 507 589 550 se
632 496 741 564 est,
782 495 1071 568 paratum
1102 509 1239 554 esse
1266 495 1348 556 ad
1376 493 1655 556 dandum

136 583 389 646 omnibus
410 582 673 661 gratiam
699 601 899 654 suam,
934 589 999 645 et
1018 584 1101 644 ad
1142 587 1494 648 vocandum
1525 603 1657 648 om-

136 697 227 736 nes
250 674 519 750 adultos(
548 675 653 751 qui
682 675 795 734 soli
821 680 969 737 sunt
990 678 1243 758 proprie
1265 698 1529 759 capaces
1550 697 1655 740 vo-

136 767 357 830 cationis
379 769 435 844 );
465 765 551 826 sie
578 767 747 828 enim
774 788 995 830 verum
1022 771 1340 832 est-illud:
1375 774 1541 834 Deus
1570 771 1649 834 il-

133 863 359 924 luminat
396 877 623 920 omnem
672 862 971 924 hominem
1011 865 1339 928 venientem
1386 867 1455 926 in
1500 866 1655 928 hunc

134 955 379 1016 mundum
406 952 609 1028 (Joan.
634 955 693 1030 1)
724 973 737 1024 ;
768 962 829 1014 et
856 955 1009 1016 illud
1042 975 1055 1016 :
1108 959 1273 1020 Deus
1300 959 1432 1020 vult
1458 975 1654 1020 omnes

135 1049 359 1110 homines
382 1046 579 1108 salvos
607 1047 750 1124 fieti
778 1049 885 1124 (ad
905 1049 1059 1110 Tim.
1093 1053 1176 1130 Ξ),
1200 1053 1379 1131 juxta
1408 1051 1655 1129 exposi-

134 1143 331 1201 tionem
365 1139 561 1218 magis
588 1147 951 1219 receptam3
1008 1143 1127 1204 hoc
1158 1163 1307 1224 ergo
1334 1144 1525 1206 modo
1562 1147 1659 1204 est

131 1237 183 1294 in
230 1236 511 1311 potestate
557 1234 1015 1314 cujuscumque
1056 1237 1329 1298 hominis
1376 1236 1653 1308 salvari;

134 1327 247 1404 quia
278 1331 361 1385 est
412 1325 475 1384 in
523 1329 835 1403 potestate
876 1329 1013 1407 ejus
1056 1329 1290 1390 habere
1332 1331 1451 1392 hoe
1504 1329 1658 1391 divi-

132 1437 255 1480 num
278 1417 587 1492 auxilium,
606 1437 739 1480 non
770 1439 847 1482 ex
860 1423 1085 1484 merito
1118 1429 1227 1484 aut
1251 1423 1655 1502 dispositione

133 1531 239 1583 sua,
254 1510 355 1570 sed
372 1527 447 1580 ex
480 1511 731 1574 liberali
760 1519 823 1574 et
844 1515 1125 1593 generali
1158 1515 1487 1596 largitione
1519 1517 1649 1577 Dei.

134 1602 377 1674 Quamvis
406 1605 625 1664 autem
662 1605 851 1666 homo
882 1607 1037 1668 nihil
1088 1627 1165 1670 ex
1200 1627 1267 1670 se
1299 1609 1493 1688 possit
1522 1610 1657 1670 effi-

134 1715 261 1768 cere,
291 1713 407 1772 quo
436 1695 727 1756 divinum
752 1698 871 1760 hoc
894 1702 1191 1761 auxilium
1210 1702 1509 1774 obtineat,
1542 1702 1655 1762 sed

134 1793 263 1850 Deus
292 1789 415 1848 sola
430 1791 709 1867 gratuita
736 1793 1053 1855 voluntate
1085 1813 1198 1855 sua
1224 1795 1377 1856 illud
1408 1795 1650 1868 offerat,

136 1887 295 1961 potest
344 1887 551 1942 tamen
588 1883 787 1944 homo
830 1886 937 1962 (ut
962 1888 1037 1946 D.
1072 1889 1365 1960 Thomas,
1429 1888 1567 1949 libr.
1617 1892 1655 1950 3

137 1977 271 2036 Cont.
308 1979 497 2053 gent„
533 1994 680 2054 cap.
717 1979 856 2050 159,
886 1978 1133 2058 docuit)
1182 1999 1295 2041 sua
1334 1971 1653 2042 voluntate

138 2067 381 2146 impedire
410 2068 825 2143 sufficienter,
860 2077 923 2134 et
954 2079 1260 2150 quantum
1279 2075 1343 2133 in
1372 2073 1506 2153 ipso
1534 2081 1650 2149 est,

138 2181 195 2221 ne
216 2180 245 2220 a
268 2161 381 2222 Deo
408 2163 553 2222 actu
593 2163 863 2242 recipiat
900 2165 1021 2226 hoc
1050 2166 1349 2226 auxilium
1378 2173 1439 2228 et
1494 2168 1655 2228 hanc

140 2253 493 2324 vocationem,
526 2255 607 2328 si,
650 2255 1121 2335 multiplicando
1146 2265 1426 2337 peccata,
1454 2261 1654 2338 magis

138 2345 403 2424 magisque
428 2346 599 2407 illius
654 2348 981 2428 indignum
1038 2367 1105 2412 se
1148 2351 1359 2429 ipsum
1406 2351 1649 2413 reddat.

136 2442 245 2500 Dico
262 2446 457 2500 autem
486 2440 901 2515 sufficienter,
920 2444 1069 2522 quia
1084 2451 1437 2523 peceatum,
1460 2463 1656 2523 quan-

138 2537 235 2593 tum
277 2533 333 2592 in
382 2551 449 2594 se
498 2539 599 2593 est
626 2579 645 2608 ‚
700 2541 795 2596 est
853 2537 1043 2615 hujus
1090 2555 1295 2616 poenoe
1348 2537 1647 2617 dignum3

136 2643 461 2704 quanquam,
494 2646 633 2688 non
668 2630 953 2692 obstante
1000 2649 1399 2710 quocumque
1438 2649 1657 2710 pecca-

140 2727 201 2788 to,
222 2718 389 2797 possit
430 2719 601 2779 Deus
650 2721 813 2781 hanc
834 2725 1099 2800 gratiam
1122 2723 1427 2796 conferre,
1456 2729 1519 2784 et
1538 2742 1657 2783 sae-

138 2831 195 2888 pe
214 2811 265 2870 id
286 2811 459 2872 iaciat
478 2857 497 2885 ‚
529 2812 977 2888 illuminando,
1006 2820 1069 2877 et
1096 2817 1521 2878 efficacissime
1548 2835 1657 2877 vo-

140 2904 294 2964 cando
328 2905 505 2966 etiam
532 2907 947 2985 gravissimos
996 2917 1379 2988 peccatoreS,
1424 2916 1491 2970 ut
1520 2929 1657 2971 cer-

139 2996 389 3056 tissimum
414 2998 491 3058 sit
518 2999 695 3062 hanc
726 3003 993 3081 gratiam
1024 3003 1160 3064 dari
1202 3003 1301 3064 cui
1330 3003 1537 3076 datur,
1575 3004 1657 3064 si-

138 3105 197 3148 ne
228 3088 425 3151 merito
453 3092 595 3170 ejus
625 3139 645 3167 ,
694 3095 979 3174 quamvis
1022 3095 1120 3169 ei,
1178 3115 1281 3158 cui
1328 3101 1469 3159 actu
1526 3115 1655 3159 non

141 3183 297 3333 (ξηαπ,
335 3203 407 3244 ex
445 3184 761 3249 demerito
792 3195 855 3250 et
888 3190 1335 3269 impedimento
1361 3192 1497 3269 ejus
1530 3209 1656 3251 non

178 3282 303 3335 etur.

200 3370 519 3449 Exponit-m·
543 3372 717 3435 illud
734 3375 1010 3439 axioma:
1033 3375 1309 3439 Facienti
1327 3376 1493 3454 quod
1514 3378 1579 3437 in
1596 3396 1663 3437 se

148 3470 231 3535 est,
262 3464 407 3523 Deus
444 3484 573 3526 non
605 3465 885 3547 denegat
908 3471 1193 3548 gratiam.
1214 3504 1296 3517 —
1314 3471 1471 3531 Hinc
1512 3489 1661 3531 vero

148 3556 349 3617 ulterius
366 3556 435 3619 fit
466 3559 647 3637 quod
674 3604 689 3633 ‚
736 3562 790 3620 si
822 3561 1013 3623 homo
1040 3563 1284 3625 habens
1319 3564 1521 3624 solum
1548 3582 1663 3624 na-

148 3650 301 3709 turale
339 3650 545 3713 lumen
577 3655 865 3729 rationiS,
894 3657 979 3717 ita
1030 3676 1097 3717 se
1126 3664 1374 3737 gereret
1428 3663 1495 3718 ut
1521 3657 1661 3717 nul-

146 3741 243 3800 lum
282 3762 499 3803 novum
552 3746 1083 3826 impedimentum
1136 3751 1348 3830 gratiae
1403 3750 1664 3811 adhibe-

147 3840 235 3905 ret,
254 3836 641 3900 infallibiliter
666 3847 1019 3919 opportuno
1047 3849 1329 3922 tempore
1360 3844 1662 3903 auxilium

146 3927 605 3993 velvocationem
636 3934 851 4011 gratiae
877 3936 1207 4014 reciperet,
1256 3955 1383 3997 non
1427 3955 1503 3997 ex
1546 3956 1659 3997 suo

148 4021 343 4093 merito,
374 4023 483 4083 sed
520 4043 601 4085 ex
639 4028 923 4105 generali
960 4028 1065 4089 illa
1096 4029 1469 4091 liberalitate
1522 4031 1655 4105 Dei,

149 4129 241 4188 qua
286 4120 393 4177 stat
452 4117 535 4179 ad
586 4120 871 4181 omnium
912 4122 1139 4181 ostium
1208 4128 1273 4185 et
1322 4124 1547 4200 pulsat.
1588 4124 1660 4185 In

150 4204 239 4265 hoc
280 4226 415 4288 ergo
454 4229 651 4271 sensu
676 4257 691 4285 ,
752 4213 1044 4275 dixerunt
1093 4214 1180 4275 illi
1216 4223 1526 4289 auctoreS,
1571 4216 1660 4278 fa-

152 4298 295 4361 cienti
328 4302 485 4379 quod
526 4305 593 4365 in
628 4322 697 4365 se
740 4312 857 4381 est,
908 4309 1111 4369 Deum
1166 4327 1295 4369 non
1344 4309 1657 4389 denegare

154 4394 399 4468 gratiam3
452 4400 517 4457 et
568 4398 801 4459 clarius
840 4400 1175 4475 diceretur,
1224 4421 1351 4463 non
1402 4403 1657 4481 ponenti

152 4484 349 4547 obicem
376 4494 433 4549 et
458 4490 1005 4570 impedimentum,
1038 4514 1151 4575 per
1179 4496 1245 4557 id
1277 4496 1449 4576 quod
1486 4515 1561 4557 ex
1590 4514 1659 4557 se

152 4575 313 4639 iacere
340 4586 557 4658 potest,
603 4584 801 4647 Deum
828 4606 909 4647 ex
944 4606 1057 4649 sua
1096 4589 1466 4651 liberalitate
1506 4588 1657 4649 dare

154 4672 387 4747 gratiam,
416 4694 607 4755 quam
654 4678 845 4741 homo
886 4682 1235 4760 promereri
1274 4700 1403 4743 non
1430 4687 1654 4761 potest.

156 4762 267 4867 Quae
304 4770 538 4846 veritas,
576 4773 697 4833 hoc
750 4774 940 4835 modo
991 4776 1323 4855 explicata,
1378 4776 1511 4838 fere
1560 4796 1651 4837 co·

156 4856 323 4919 incidit
358 4879 493 4923 cum
548 4864 675 4939 ilia,
722 4884 915 4944 quam
965 4868 1307 4929 Concilium
1358 4869 1662 4931 Tridenti-

156 4966 293 5050 num,
342 4956 611 5017 sessione
647 4959 709 5033 6,
743 4976 881 5038 cap.
920 4964 985 5023 1-1
1048 4967 1111 5023 et
1151 4964 1229 5023 13
1257 5007 1272 5036 ,
1324 4962 1657 5023 conflrma-

156 5048 251 5101 nt:
282 5046 427 5109 Deus
458 5050 745 5115 neminem
784 5054 1025 5125 desem,
1066 5053 1192 5119 nisi
1208 5056 1393 5137 prius
1420 5057 1659 5120 desera-

158 5136 237 5236 itcr
261 5138 449 5219 abipso
466 5166 495 5214 ,·
530 5148 695 5205 esset
720 5146 890 5207 enim
923 5148 1209 5210 maxima
1228 5148 1498 5209 desertio
1520 5149 1653 5223 Dei,

159 5242 195 5327 ⁵.¹
226 5229 309 5289 vel
345 5232 599 5310 primam
637 5238 1027 5302 vocationem
1082 5248 1143 5304 et
1170 5242 1471 5302 auxilium
1516 5260 1659 5322 gra-

156 5322 233 5379 t1ae
260 5323 307 5381 ei
332 5324 559 5387 homini
585 5347 709 5390 non
736 5331 1149 5410 impenderet,
1184 5335 1291 5414 qui
1320 5354 1433 5414 per
1474 5353 1661 5415 para-

156 5410 259 5471 tum
298 5432 467 5477 usum
496 5421 589 5480 sui
628 5422 811 5485 liberi
843 5425 1077 5488 arbitrii
1108 5446 1253 5489 eum
1292 5428 1501 5489 denuo
1530 5446 1657 5489 non

158 5502 363 5571 deserit.
390 5511 581 5589 Igitur
603 5534 817 5577 verum
849 5525 946 5580 est
975 5521 1179 5581 Deum
1206 5520 1359 5585 dare
1392 5522 1657 5600 gratiam

384 5628 464 5675 11.

3185 383 3291 441 161

1738 511 1917 553 suam
1945 510 2076 552 non
2103 490 2358 570 ponenti
2389 489 2672 560 obicem;
2713 504 2830 546 nec
2859 503 2972 564 per
3021 487 3140 546 hoc
3191 488 3299 547 ho-

1734 586 1887 646 mini
1929 583 2166 662 aliquid
2193 581 2573 650 attribuitur,
2605 596 2731 658 quo
2753 577 3016 656 gratiam
3047 595 3302 657 prome-

1736 683 1970 755 reatur,
1997 678 2108 738 sed
2137 677 2342 738 solum
2385 674 2556 753 quod
2596 672 2790 752 possit
2819 671 2988 730 illam
3023 689 3135 749 per
3159 690 3301 751 pec-

1735 781 1944 834 catum
1975 770 2308 850 impedire;
2343 769 2443 828 vel
2481 767 2564 828 ad
2601 781 2916 826 summum
2951 765 3122 842 quod
3161 783 3301 843 pos-

1736 867 1813 926 sit
1864 865 2060 926 vitare
2116 869 2446 943 peecatum
2489 865 2704 920 contra
2759 858 2964 936 legem
3007 863 3244 917 naturai
3282 902 3299 929 ‚

1736 959 1905 1038 quod
1935 963 2148 1038 posset
2179 957 2349 1016 illam
2391 951 2694 1032 impedire
2727 973 2744 1025 3
2775 955 2978 1029 potest
3005 956 3214 1010 aulem
3239 950 3304 1010 id

1734 1051 1925 1112 homo
1965 1069 2078 1129 per
2105 1049 2374 1109 liberum
2419 1045 2765 1118 arbitrium,
2797 1043 2898 1104 vel
2939 1043 3150 1121 quoad
3179 1043 3306 1103 sin-

1736 1146 1917 1226 gulos
1941 1151 2140 1218 actus,
2167 1145 2268 1204 vel
2297 1141 2506 1221 quoad
2535 1157 2754 1201 omnes
2783 1157 2900 1216 per
2925 1138 3115 1200 breve
3145 1143 3304 1198 tem-

1736 1257 1893 1318 pus3
1943 1238 2040 1298 vel
2085 1242 2253 1298 certe
2283 1236 2474 1296 etiam
2507 1239 2712 1313 potest
2765 1232 3018 1310 adjutus
3051 1231 3304 1310 speciali

1737 1331 1846 1392 Dei
1874 1330 2284 1410 protectione,
2323 1326 2608 1406 quamvis
2657 1324 2938 1386 nondum
2979 1325 3058 1384 sit
3099 1324 3301 1384 eleva-

1738 1427 1859 1496 tuS,
1902 1423 2004 1484 vel
2061 1423 2366 1482 excitatus
2402 1419 2483 1479 ad
2529 1424 2706 1479 actus
2757 1417 3302 1495 supernaturaleS,

1730 1517 1909 1596 juxta
1945 1534 2020 1576 ea
2048 1532 2186 1592 quae
2215 1513 2424 1574 statim
2471 1511 2947 1589 subjungemus·

1815 1611 1907 1670 Ex
1949 1609 2046 1668 his
2095 1626 2246 1686 ergo
2279 1605 2610 1684 colligitur,
2665 1603 2835 1682 quod
2883 1602 2934 1662 si
2963 1602 3207 1662 axioma
3238 1601 3304 1662 il-

1735 1703 1884 1763 lud:
1916 1700 2196 1764 Facienti
2217 1700 2372 1781 quod
2405 1699 2472 1759 in
2500 1714 2564 1760 so
2590 1701 2680 1760 est
2699 1741 2714 1770 ‚
2765 1701 2913 1768 etc.,
2961 1695 3304 1774 explicetur

1737 1799 1814 1859 de
1847 1796 2253 1876 dispositione
2283 1791 2666 1872 positiva,ad
2699 1809 2891 1870 quam
2919 1807 2994 1852 ex
3025 1789 3166 1868 lege
3189 1789 3304 1850 Dei

1738 1894 2163 1967 consequatur
2189 1887 2410 1966 gratia,
2428 1903 2558 1946 non
2582 1890 2788 1963 potest
2805 1883 3064 1962 intelligi
3085 1882 3164 1943 de
3189 1883 3304 1942 ho-

1736 1984 1905 2044 mine
1934 1983 2200 2044 faciente
2227 1980 2396 2058 quod
2423 1980 2486 2038 in
2507 1996 2575 2038 se
2591 1981 2686 2038 est
2711 1997 2826 2056 per
2847 1977 3010 2038 vires
3035 1981 3299 2050 naturae,

1738 2078 1847 2138 sed
1873 2095 1988 2155 per
2008 2075 2223 2154 gratiae
2249 2072 2583 2142 auxilium;
2619 2071 2788 2130 unde
2819 2087 2944 2130 non
2977 2075 3178 2148 potest
3202 2087 3306 2130 ac-

1736 2168 2121 2232 commodari
2160 2167 2245 2228 ad
2287 2165 2682 2226 collationem
2725 2163 2906 2241 primi
2931 2162 3166 2232 auxilii,
3193 2161 3306 2222 sed

1735 2263 1815 2324 ad
1846 2258 2319 2340 subsequentia,
2362 2263 2432 2320 ut
2483 2257 2664 2317 divus
2693 2257 2966 2316 Thomas
3001 2261 3172 2316 recte
3198 2273 3304 2315 ex—

1736 2356 1946 2436 posuit
1977 2357 2032 2415 1.
2061 2356 2122 2426 2,
2155 2357 2369 2430 quaest.
2406 2351 2545 2422 109,
2572 2355 2688 2410 art.
2721 2350 2784 2420 6,
2817 2348 2899 2408 ad
2922 2350 2982 2408 2.
3016 2348 3114 2409 An
3155 2365 3304 2408 vero

1734 2451 1855 2510 hoc
1885 2449 2158 2526 primum
2185 2443 2486 2504 auxilium
2519 2446 2806 2521 oporteat
2835 2459 2974 2502 esse
3007 2459 3306 2520 superna-

1734 2541 1938 2603 turale
1968 2537 2350 2618 simpliciter,
2385 2541 2448 2598 et
2472 2535 2832 2596 immediate
2875 2534 2958 2594 ad
2993 2539 3168 2594 aetus
3202 2551 3310 2596 su-

1735 2633 2170 2714 pernaturales
2198 2630 2577 2703 ordinatum,
2615 2635 2684 2688 ut
2731 2633 2828 2688 est
2855 2627 3102 2688 vocatio
3131 2625 3214 2686 ad
3239 2625 3308 2688 fi-

1736 2726 1905 2798 dem,
1941 2725 2042 2784 vel
2087 2722 2562 2803 poenitentiam;
2606 2721 2705 2780 vel
2737 2726 2884 2780 ante
2926 2720 3080 2780 illud
3121 2721 3308 2780 inter-

1736 2819 1885 2880 dum
1916 2817 2230 2898 praecedat
2253 2815 2550 2876 auxilium
2589 2802 2953 2894 gratuitum,
2985 2813 3048 2872 in
3075 2832 3140 2873 se
3174 2811 3308 2891 qui-

1736 2913 1883 2974 dem
1910 2911 2224 2982 naturale,
2254 2909 2556 2969 relatione
2608 2912 2846 2978 tamen,
2883 2912 2944 2966 et
2977 2925 3052 2968 ex
3078 2907 3306 2966 inten-

1736 3007 1905 3066 t10ne
1934 3004 2226 3064 donantis
2253 3000 2756 3081 supernaturale,
2775 3005 2845 3060 ut
2869 3005 2962 3062 est
2979 2999 3303 3076 inspiratio

1738 3098 2179 3177 eleemosynae,
2213 3093 2314 3156 vel
2367 3093 2628 3173 alterius
2671 3093 2882 3171 operis
2929 3091 3186 3155 moralis
3232 3091 3309 3153 si-

1736 3193 1923 3265 milis,
1975 3189 2227 3270 quando
2257 3207 2294 3249 a
2325 3189 2450 3249 Deo
2487 3187 2679 3266 gratis
2712 3186 2933 3257 datur,
2979 3192 3050 3246 ut
3109 3184 3308 3245 homi·

1737 3304 1885 3347 nem
1910 3284 2219 3363 paulatim
2249 3281 2332 3341 ad
2359 3280 2644 3341 altiorem
2677 3280 3066 3341 vocationem
3103 3278 3310 3357 dispo·

1746 3386 1894 3452 nat;
1947 3379 2066 3439 hoe
2092 3380 2110 3453 (
2137 3376 2430 3455 inquam)
2463 3374 2614 3434 nihil
2651 3374 2732 3435 ad
2771 3390 3052 3452 praesens
3093 3373 3304 3443 refert,

1744 3471 2088 3535 dummodo
2129 3476 2370 3531 certum
2431 3468 2508 3527 sit
2553 3466 2822 3546 primum
2871 3466 3088 3546 gratiae
3138 3467 3308 3527 auxi-

1740 3568 1894 3626 lium
1941 3566 2076 3625 sine
2121 3563 2372 3633 merito,
2401 3568 2530 3621 tam
2559 3560 2638 3620 de
2667 3558 2978 3638 condigno
3009 3578 3200 3639 quam
3227 3558 3306 3621 de

1746 3675 2052 3738 congruo,
2097 3655 2458 3716 hominibus
2497 3652 2650 3713 dari.
2685 3654 2756 3712 Et
2785 3659 2852 3715 ut
2883 3671 2920 3713 a
2963 3653 3310 3731 Semipela-

1744 3754 1950 3833 glanis
1975 3750 2178 3829 magis
2211 3765 2600 3826 separemur,
2629 3747 2746 3805 hoc
2777 3747 3198 3825 intelligamus
3227 3746 3306 3807 de

1744 3845 1946 3924 primo
1981 3842 2211 3905 auxilio
2243 3839 2723 3920 supernaturali,
2749 3846 2810 3900 et
2839 3840 2920 3899 ad
2939 3847 3310 3919 supernatu-

1740 3940 1905 3999 rales
1953 3944 2130 3999 actus
2159 3935 2520 3995 immediate
2573 3933 2906 4005 tendente;
2941 3952 3112 4007 nam,
3165 3935 3308 3995 licet

1741 4033 2105 4111 contingere
2148 4029 2365 4109 possit,
2415 4033 2561 4088 ante
2597 4027 2715 4087 hoc
2741 4027 3042 4087 auxilium
3070 4046 3308 4107 praece-

1741 4128 1889 4187 dere
1927 4127 1992 4185 in
2033 4124 2286 4185 homine
2331 4122 2494 4182 bona
2527 4138 2718 4198 opera
2747 4120 3008 4180 moralia
3047 4139 3122 4181 ex
3165 4138 3307 4199 spe-

1741 4219 1883 4279 ciali
1922 4224 1986 4278 et
2041 4216 2312 4294 gratuita
2365 4212 2752 4292 providentia
2807 4213 2939 4285 Dei,
2993 4212 3302 4285 ordinata,

1746 4312 1968 4373 saltem
1999 4316 2239 4370 remote
2288 4314 2350 4367 et
2389 4305 2684 4377 mediate,
2733 4306 2816 4367 ad
2863 4312 3309 4384 supernatura-

1743 4406 1869 4466 lem
1904 4404 2122 4475 finem,
2155 4399 2560 4460 nihilominus
2593 4417 2720 4459 non
2749 4400 3176 4461 existimamus
3203 4400 3306 4461 illa

1744 4516 1936 4578 opera
1966 4495 2228 4556 moralia
2269 4493 2388 4553 dici
2419 4510 2604 4571 posse
2659 4492 3155 4571 dispositionem,
3199 4514 3306 4555 ne-

1741 4594 1894 4654 dum
1930 4588 2182 4668 aliquod
2211 4588 2504 4647 meritum
2533 4586 2615 4646 ad
2651 4585 2798 4646 illud
2831 4588 3305 4664 supernaturale

1740 4686 2042 4747 auxilium
2063 4681 2496 4753 obtinendum,
2523 4680 2668 4758 quia
2695 4681 2950 4741 omnino
2981 4686 3128 4741 sunt
3153 4681 3310 4742 infe-

1740 4779 1921 4839 rioris
1953 4776 2223 4848 ordinis;
2257 4780 2339 4846 et,
2373 4778 2443 4833 ut
2471 4772 2718 4833 suntab
2747 4773 2996 4853 homine
3039 4793 3304 4853 operan-

1740 4878 1825 4943 te,
1860 4869 2014 4931 nihil
2044 4868 2280 4929 habent
2307 4865 2807 4944 supernaturale,
2843 4865 2956 4925 sed
3002 4866 3088 4927 ad
3137 4885 3309 4928 sum-

1738 4980 1913 5024 mum
1957 4979 2034 5023 ex
2083 4959 2386 5021 relatione
2415 4957 2526 5019 Dei
2563 4958 2910 5019 extrinseca
2944 4959 3008 5019 in
3051 4978 3196 5020 eum
3237 4960 3308 5022 fi-

1738 5072 1885 5117 nem
1912 5053 2306 5123 referuntur3
2361 5050 2530 5129 quod
2561 5069 2690 5111 non
2733 5052 2979 5125 sufficit,
3027 5052 3175 5130 quia
3205 5071 3303 5113 ac-

1737 5154 1839 5209 tus
1867 5145 2141 5206 hominis
2175 5161 2303 5205 non
2349 5148 2443 5204 est
2471 5142 2814 5223 dispositio,
2847 5143 2947 5205 vel
2976 5145 3300 5220 meritum,

1740 5241 1859 5303 nisi
1900 5245 2092 5319 prout
2139 5244 2236 5299 est
2261 5236 2342 5297 ab
2371 5236 2508 5315 ipso
2557 5238 2854 5311 homine;
2904 5237 3108 5299 solum
3149 5257 3304 5318 ergo

1740 5338 2036 5413 poterunt
2067 5328 2425 5410 hujusmodi
2471 5336 2644 5389 aelus
2679 5330 2982 5408 impedire
3017 5338 3304 5411 peccata,

1738 5444 1881 5505 quae
1937 5429 2196 5505 possent
2243 5440 2380 5485 esse
2417 5423 2580 5484 obex
2617 5430 2678 5484 et
2719 5424 3115 5486 obstaculum
3165 5427 3306 5487 talis

1740 5519 1980 5601 gratiae.
2012 5518 2090 5580 Et
2114 5518 2280 5578 hanc
2308 5515 2704 5590 sententiam,
2727 5523 2954 5595 praeter
2969 5518 3304 5581 veritatem

2903 5623 2972 5683 11
