<?xml version="1.0" encoding="UTF-8"?>
<!DOCTYPE html PUBLIC "-//W3C//DTD XHTML 1.0 Transitional//EN"
    "http://www.w3.org/TR/xhtml1/DTD/xhtml1-transitional.dtd">
<html xmlns="http://www.w3.org/1999/xhtml" xml:lang="en" lang="en">
 <head>
  <title>
</title>
<meta http-equiv="Content-Type" content="text/html;charset=utf-8" />
  <meta name='ocr-system' content='tesseract 3.04.00' />
  <meta name='ocr-capabilities' content='ocr_page ocr_carea ocr_par ocr_line ocrx_word'/>
</head>
<body>
  <div class='ocr_page' id='page_1' title='image "./rpfranciscisuar01duvagoog_0145.png"; bbox 0 0 3850 6225; ppageno 0'>
   <div class='ocr_carea' id='block_1_1' title="bbox 582 417 2790 504">
    <p class='ocr_par' dir='ltr' id='par_1_1' title="bbox 582 417 2790 504">
     <span class='ocr_line' id='line_1_1' title="bbox 582 417 2790 504; baseline 0.002 -10"><span class='ocrx_word' id='word_1_1' title='bbox 582 443 718 495; x_wconf 57' lang='lat' dir='ltr'><strong>car.</strong></span> <span class='ocrx_word' id='word_1_2' title='bbox 751 417 814 496; x_wconf 76' lang='lat' dir='ltr'><strong>&#39;v.</strong></span> <span class='ocrx_word' id='word_1_3' title='bbox 849 441 1218 496; x_wconf 73' lang='lat' dir='ltr'><strong>soLvunrna</strong></span> <span class='ocrx_word' id='word_1_4' title='bbox 1252 441 1655 496; x_wconf 67' lang='lat' dir='ltr'><strong>ossi-:cnonas</strong></span> <span class='ocrx_word' id='word_1_5' title='bbox 1689 443 1936 496; x_wconf 64' lang='lat' dir='ltr'><strong>con-rm</strong></span> <span class='ocrx_word' id='word_1_6' title='bbox 1968 444 2325 500; x_wconf 66' lang='lat' dir='ltr'><strong>noemma</strong></span> <span class='ocrx_word' id='word_1_7' title='bbox 2358 447 2617 504; x_wconf 60' lang='lat' dir='ltr'><strong>carnis.</strong></span> <span class='ocrx_word' id='word_1_8' title='bbox 2656 447 2790 499; x_wconf 72' lang='lat' dir='ltr'><strong>arc,</strong></span> 
     </span>
    </p>
   </div>
   <div class='ocr_carea' id='block_1_2' title="bbox 113 543 1663 5090">
    <p class='ocr_par' dir='ltr' id='par_1_2' title="bbox 115 543 1658 2861">
     <span class='ocr_line' id='line_1_2' title="bbox 129 543 1649 624; baseline -0.001 -19"><span class='ocrx_word' id='word_1_9' title='bbox 129 547 287 624; x_wconf 86' lang='lat' dir='ltr'><strong>plane</strong></span> <span class='ocrx_word' id='word_1_10' title='bbox 328 543 491 622; x_wconf 86' lang='lat' dir='ltr'><strong>loqui</strong></span> <span class='ocrx_word' id='word_1_11' title='bbox 534 543 614 604; x_wconf 89' lang='lat' dir='ltr'><strong>de</strong></span> <span class='ocrx_word' id='word_1_12' title='bbox 653 543 820 604; x_wconf 91' lang='lat' dir='ltr'><strong>omni</strong></span> <span class='ocrx_word' id='word_1_13' title='bbox 867 544 1188 606; x_wconf 84' lang='lat' dir='ltr'><strong>voluntate</strong></span> <span class='ocrx_word' id='word_1_14' title='bbox 1219 550 1464 606; x_wconf 87' lang='lat' dir='ltr'><strong>creata:</strong></span> <span class='ocrx_word' id='word_1_15' title='bbox 1499 562 1649 604; x_wconf 88' lang='lat' dir='ltr'><strong>nam</strong></span> 
     </span>
     <span class='ocr_line' id='line_1_3' title="bbox 127 637 1649 716; baseline 0 -18"><span class='ocrx_word' id='word_1_16' title='bbox 127 639 214 698; x_wconf 87' lang='lat' dir='ltr'><strong>illo</strong></span> <span class='ocrx_word' id='word_1_17' title='bbox 231 637 402 698; x_wconf 90' lang='lat' dir='ltr'><strong>modo</strong></span> <span class='ocrx_word' id='word_1_18' title='bbox 420 637 688 697; x_wconf 88' lang='lat' dir='ltr'><strong>sentiunt</strong></span> <span class='ocrx_word' id='word_1_19' title='bbox 707 637 998 716; x_wconf 86' lang='lat' dir='ltr'>cognosci</span> <span class='ocrx_word' id='word_1_20' title='bbox 1017 637 1293 716; x_wconf 87' lang='lat' dir='ltr'><strong>potuisse</strong></span> <span class='ocrx_word' id='word_1_21' title='bbox 1317 643 1649 716; x_wconf 88' lang='lat' dir='ltr'><strong>peccatum</strong></span> 
     </span>
     <span class='ocr_line' id='line_1_4' title="bbox 127 730 1649 810; baseline -0.001 -18"><span class='ocrx_word' id='word_1_22' title='bbox 127 731 458 810; x_wconf 86' lang='lat' dir='ltr'><strong>angelorum</strong></span> <span class='ocrx_word' id='word_1_23' title='bbox 477 735 538 790; x_wconf 87' lang='lat' dir='ltr'><strong>et</strong></span> <span class='ocrx_word' id='word_1_24' title='bbox 557 731 728 790; x_wconf 79' lang='lat' dir='ltr'><strong>Adae.</strong></span> <span class='ocrx_word' id='word_1_25' title='bbox 747 731 1022 791; x_wconf 87' lang='lat' dir='ltr'><strong>Tertium</strong></span> <span class='ocrx_word' id='word_1_26' title='bbox 1041 737 1104 791; x_wconf 89' lang='lat' dir='ltr'><strong>et</strong></span> <span class='ocrx_word' id='word_1_27' title='bbox 1120 747 1420 810; x_wconf 83' lang='lat' dir='ltr'><strong>magnum</strong></span> <span class='ocrx_word' id='word_1_28' title='bbox 1437 730 1649 792; x_wconf 88' lang='lat' dir='ltr'><strong>incon-</strong></span> 
     </span>
     <span class='ocr_line' id='line_1_5' title="bbox 123 822 1648 902; baseline -0.002 -16"><span class='ocrx_word' id='word_1_29' title='bbox 123 825 350 886; x_wconf 77' lang='lat' dir='ltr'><strong>veniens</strong></span> <span class='ocrx_word' id='word_1_30' title='bbox 376 829 486 895; x_wconf 86' lang='lat' dir='ltr'><strong>est,</strong></span> <span class='ocrx_word' id='word_1_31' title='bbox 531 823 676 902; x_wconf 87' lang='lat' dir='ltr'><strong>quia</strong></span> <span class='ocrx_word' id='word_1_32' title='bbox 704 823 986 902; x_wconf 89' lang='lat' dir='ltr'><strong>sequitur</strong></span> <span class='ocrx_word' id='word_1_33' title='bbox 1007 822 1393 884; x_wconf 81' lang='lat' dir='ltr'><strong>voluntatem</strong></span> <span class='ocrx_word' id='word_1_34' title='bbox 1424 824 1648 884; x_wconf 90' lang='lat' dir='ltr'><strong>huma-</strong></span> 
     </span>
     <span class='ocr_line' id='line_1_6' title="bbox 124 917 1648 990; baseline -0.001 -11"><span class='ocrx_word' id='word_1_35' title='bbox 124 937 266 988; x_wconf 86' lang='lat' dir='ltr'><strong>nam‚</strong></span> <span class='ocrx_word' id='word_1_36' title='bbox 297 937 417 978; x_wconf 80' lang='lat' dir='ltr'><strong>suae</strong></span> <span class='ocrx_word' id='word_1_37' title='bbox 445 924 682 978; x_wconf 85' lang='lat' dir='ltr'><strong>naturae</strong></span> <span class='ocrx_word' id='word_1_38' title='bbox 709 923 774 980; x_wconf 91' lang='lat' dir='ltr'><strong>et</strong></span> <span class='ocrx_word' id='word_1_39' title='bbox 799 917 1145 980; x_wconf 85' lang='lat' dir='ltr'><strong>efficacitati</strong></span> <span class='ocrx_word' id='word_1_40' title='bbox 1168 919 1472 990; x_wconf 88' lang='lat' dir='ltr'><strong>relictam,</strong></span> <span class='ocrx_word' id='word_1_41' title='bbox 1501 935 1648 979; x_wconf 91' lang='lat' dir='ltr'><strong>cum</strong></span> 
     </span>
     <span class='ocr_line' id='line_1_7' title="bbox 122 1012 1646 1094; baseline -0.001 -21"><span class='ocrx_word' id='word_1_42' title='bbox 122 1012 366 1094; x_wconf 76' lang='lat' dir='ltr'><strong>generali</strong></span> <span class='ocrx_word' id='word_1_43' title='bbox 393 1012 716 1072; x_wconf 87' lang='lat' dir='ltr'><strong>influentia</strong></span> <span class='ocrx_word' id='word_1_44' title='bbox 742 1012 958 1090; x_wconf 67' lang='lat' dir='ltr'><strong>primae</strong></span> <span class='ocrx_word' id='word_1_45' title='bbox 987 1029 1218 1084; x_wconf 70' lang='lat' dir='ltr'><strong>causae,</strong></span> <span class='ocrx_word' id='word_1_46' title='bbox 1264 1030 1402 1073; x_wconf 88' lang='lat' dir='ltr'><strong>esse</strong></span> <span class='ocrx_word' id='word_1_47' title='bbox 1451 1032 1530 1074; x_wconf 83' lang='lat' dir='ltr'><strong>ex</strong></span> <span class='ocrx_word' id='word_1_48' title='bbox 1577 1031 1646 1072; x_wconf 89' lang='lat' dir='ltr'><strong>se</strong></span> 
     </span>
     <span class='ocr_line' id='line_1_8' title="bbox 121 1105 1642 1184; baseline 0.001 -19"><span class='ocrx_word' id='word_1_49' title='bbox 121 1106 558 1166; x_wconf 81' lang='lat' dir='ltr'><strong>determinatam</strong></span> <span class='ocrx_word' id='word_1_50' title='bbox 593 1105 676 1165; x_wconf 93' lang='lat' dir='ltr'><strong>ad</strong></span> <span class='ocrx_word' id='word_1_51' title='bbox 713 1105 1102 1184; x_wconf 89' lang='lat' dir='ltr'><strong>operandum</strong></span> <span class='ocrx_word' id='word_1_52' title='bbox 1127 1111 1336 1166; x_wconf 87' lang='lat' dir='ltr'><strong>actum</strong></span> <span class='ocrx_word' id='word_1_53' title='bbox 1381 1106 1642 1178; x_wconf 89' lang='lat' dir='ltr'><strong>malum,</strong></span> 
     </span>
     <span class='ocr_line' id='line_1_9' title="bbox 119 1197 1650 1278; baseline 0.001 -21"><span class='ocrx_word' id='word_1_54' title='bbox 119 1199 266 1277; x_wconf 81' lang='lat' dir='ltr'><strong>quod</strong></span> <span class='ocrx_word' id='word_1_55' title='bbox 289 1197 532 1259; x_wconf 75' lang='lat' dir='ltr'><strong>videtur</strong></span> <span class='ocrx_word' id='word_1_56' title='bbox 557 1199 786 1278; x_wconf 84' lang='lat' dir='ltr'>dogma</span> <span class='ocrx_word' id='word_1_57' title='bbox 813 1199 1300 1258; x_wconf 67' lang='lat' dir='ltr'><strong>Manichaeorum</strong></span> <span class='ocrx_word' id='word_1_58' title='bbox 1330 1205 1392 1260; x_wconf 89' lang='lat' dir='ltr'><strong>et</strong></span> <span class='ocrx_word' id='word_1_59' title='bbox 1418 1199 1650 1261; x_wconf 90' lang='lat' dir='ltr'><strong>Luthe-</strong></span> 
     </span>
     <span class='ocr_line' id='line_1_10' title="bbox 117 1291 1647 1371; baseline 0.001 -21"><span class='ocrx_word' id='word_1_60' title='bbox 117 1309 402 1350; x_wconf 81' lang='lat' dir='ltr'><strong>ranorum.</strong></span> <span class='ocrx_word' id='word_1_61' title='bbox 459 1291 730 1371; x_wconf 89' lang='lat' dir='ltr'><strong>Sequela</strong></span> <span class='ocrx_word' id='word_1_62' title='bbox 779 1296 972 1370; x_wconf 87' lang='lat' dir='ltr'><strong>patet,</strong></span> <span class='ocrx_word' id='word_1_63' title='bbox 1021 1291 1170 1369; x_wconf 86' lang='lat' dir='ltr'><strong>quia</strong></span> <span class='ocrx_word' id='word_1_64' title='bbox 1211 1292 1318 1351; x_wconf 90' lang='lat' dir='ltr'><strong>illa</strong></span> <span class='ocrx_word' id='word_1_65' title='bbox 1357 1292 1647 1353; x_wconf 85' lang='lat' dir='ltr'><strong>voluntas</strong></span> 
     </span>
     <span class='ocr_line' id='line_1_11' title="bbox 119 1383 1646 1457; baseline 0.001 -15"><span class='ocrx_word' id='word_1_66' title='bbox 119 1383 213 1443; x_wconf 84' lang='lat' dir='ltr'><strong>sibi</strong></span> <span class='ocrx_word' id='word_1_67' title='bbox 235 1384 436 1445; x_wconf 86' lang='lat' dir='ltr'><strong>relicta</strong></span> <span class='ocrx_word' id='word_1_68' title='bbox 461 1402 612 1444; x_wconf 91' lang='lat' dir='ltr'><strong>cum</strong></span> <span class='ocrx_word' id='word_1_69' title='bbox 635 1384 952 1444; x_wconf 89' lang='lat' dir='ltr'><strong>communi</strong></span> <span class='ocrx_word' id='word_1_70' title='bbox 979 1384 1328 1457; x_wconf 89' lang='lat' dir='ltr'><strong>influentia,</strong></span> <span class='ocrx_word' id='word_1_71' title='bbox 1357 1385 1422 1444; x_wconf 89' lang='lat' dir='ltr'><strong>in</strong></span> <span class='ocrx_word' id='word_1_72' title='bbox 1447 1385 1646 1445; x_wconf 91' lang='lat' dir='ltr'><strong>omni-</strong></span> 
     </span>
     <span class='ocr_line' id='line_1_12' title="bbox 117 1476 1638 1556; baseline 0.001 -20"><span class='ocrx_word' id='word_1_73' title='bbox 117 1479 213 1537; x_wconf 85' lang='lat' dir='ltr'><strong>hus</strong></span> <span class='ocrx_word' id='word_1_74' title='bbox 261 1478 492 1538; x_wconf 89' lang='lat' dir='ltr'><strong>actibus</strong></span> <span class='ocrx_word' id='word_1_75' title='bbox 561 1476 962 1537; x_wconf 76' lang='lat' dir='ltr'><strong>infallibiliter</strong></span> <span class='ocrx_word' id='word_1_76' title='bbox 1021 1483 1318 1556; x_wconf 82' lang='lat' dir='ltr'>operatur</span> <span class='ocrx_word' id='word_1_77' title='bbox 1381 1477 1638 1539; x_wconf 89' lang='lat' dir='ltr'><strong>malum.</strong></span> 
     </span>
     <span class='ocr_line' id='line_1_13' title="bbox 119 1569 1648 1650; baseline -0.001 -19"><span class='ocrx_word' id='word_1_78' title='bbox 119 1571 240 1642; x_wconf 82' lang='lat' dir='ltr'><strong>Quae</strong></span> <span class='ocrx_word' id='word_1_79' title='bbox 261 1571 440 1650; x_wconf 85' lang='lat' dir='ltr'><strong>igitur</strong></span> <span class='ocrx_word' id='word_1_80' title='bbox 465 1571 676 1649; x_wconf 86' lang='lat' dir='ltr'><strong>major</strong></span> <span class='ocrx_word' id='word_1_81' title='bbox 703 1569 1139 1632; x_wconf 81' lang='lat' dir='ltr'><strong>determinatio</strong></span> <span class='ocrx_word' id='word_1_82' title='bbox 1167 1571 1248 1631; x_wconf 91' lang='lat' dir='ltr'><strong>ad</strong></span> <span class='ocrx_word' id='word_1_83' title='bbox 1275 1571 1512 1632; x_wconf 89' lang='lat' dir='ltr'><strong>malum</strong></span> <span class='ocrx_word' id='word_1_84' title='bbox 1539 1587 1648 1630; x_wconf 85' lang='lat' dir='ltr'><strong>ex-</strong></span> 
     </span>
     <span class='ocr_line' id='line_1_14' title="bbox 118 1664 1648 1744; baseline 0 -20"><span class='ocrx_word' id='word_1_85' title='bbox 118 1665 336 1743; x_wconf 82' lang='lat' dir='ltr'><strong>cogitari</strong></span> <span class='ocrx_word' id='word_1_86' title='bbox 371 1668 622 1744; x_wconf 76' lang='lat' dir='ltr'><strong>potest?</strong></span> <span class='ocrx_word' id='word_1_87' title='bbox 669 1665 800 1725; x_wconf 89' lang='lat' dir='ltr'><strong>Imo</strong></span> <span class='ocrx_word' id='word_1_88' title='bbox 837 1665 957 1725; x_wconf 89' lang='lat' dir='ltr'><strong>hoc</strong></span> <span class='ocrx_word' id='word_1_89' title='bbox 1007 1664 1194 1725; x_wconf 87' lang='lat' dir='ltr'><strong>etiam</strong></span> <span class='ocrx_word' id='word_1_90' title='bbox 1241 1665 1524 1743; x_wconf 88' lang='lat' dir='ltr'><strong>sequitur</strong></span> <span class='ocrx_word' id='word_1_91' title='bbox 1569 1681 1648 1724; x_wconf 81' lang='lat' dir='ltr'><strong>ex</strong></span> 
     </span>
     <span class='ocr_line' id='line_1_15' title="bbox 117 1757 1646 1837; baseline 0 -20"><span class='ocrx_word' id='word_1_92' title='bbox 117 1759 326 1818; x_wconf 89' lang='lat' dir='ltr'><strong>illorum</strong></span> <span class='ocrx_word' id='word_1_93' title='bbox 358 1759 684 1830; x_wconf 80' lang='lat' dir='ltr'><strong>doctrina3</strong></span> <span class='ocrx_word' id='word_1_94' title='bbox 720 1757 936 1818; x_wconf 87' lang='lat' dir='ltr'><strong>dicunt</strong></span> <span class='ocrx_word' id='word_1_95' title='bbox 965 1757 1134 1818; x_wconf 88' lang='lat' dir='ltr'><strong>enim</strong></span> <span class='ocrx_word' id='word_1_96' title='bbox 1165 1759 1252 1835; x_wconf 90' lang='lat' dir='ltr'><strong>(et</strong></span> <span class='ocrx_word' id='word_1_97' title='bbox 1295 1759 1488 1837; x_wconf 88' lang='lat' dir='ltr'><strong>recte)</strong></span> <span class='ocrx_word' id='word_1_98' title='bbox 1517 1775 1646 1818; x_wconf 88' lang='lat' dir='ltr'><strong>non</strong></span> 
     </span>
     <span class='ocr_line' id='line_1_16' title="bbox 116 1851 1646 1931; baseline -0.001 -20"><span class='ocrx_word' id='word_1_99' title='bbox 116 1871 268 1930; x_wconf 85' lang='lat' dir='ltr'><strong>posse</strong></span> <span class='ocrx_word' id='word_1_100' title='bbox 318 1852 612 1913; x_wconf 82' lang='lat' dir='ltr'><strong>effectum</strong></span> <span class='ocrx_word' id='word_1_101' title='bbox 666 1852 947 1912; x_wconf 88' lang='lat' dir='ltr'><strong>futurum</strong></span> <span class='ocrx_word' id='word_1_102' title='bbox 1001 1851 1291 1931; x_wconf 84' lang='lat' dir='ltr'><strong>cognosci</strong></span> <span class='ocrx_word' id='word_1_103' title='bbox 1342 1852 1407 1911; x_wconf 92' lang='lat' dir='ltr'><strong>in</strong></span> <span class='ocrx_word' id='word_1_104' title='bbox 1455 1869 1646 1912; x_wconf 90' lang='lat' dir='ltr'><strong>causa</strong></span> 
     </span>
     <span class='ocr_line' id='line_1_17' title="bbox 121 1943 1648 2024; baseline -0.001 -20"><span class='ocrx_word' id='word_1_105' title='bbox 121 1945 382 2022; x_wconf 82' lang='lat' dir='ltr'><strong>proxima,</strong></span> <span class='ocrx_word' id='word_1_106' title='bbox 411 1945 532 2005; x_wconf 89' lang='lat' dir='ltr'><strong>nisi</strong></span> <span class='ocrx_word' id='word_1_107' title='bbox 562 1947 644 2006; x_wconf 88' lang='lat' dir='ltr'><strong>sit</strong></span> <span class='ocrx_word' id='word_1_108' title='bbox 672 1943 1243 2024; x_wconf 81' lang='lat' dir='ltr'><strong>praedeterminata,</strong></span> <span class='ocrx_word' id='word_1_109' title='bbox 1273 1950 1337 2005; x_wconf 84' lang='lat' dir='ltr'><strong>et</strong></span> <span class='ocrx_word' id='word_1_110' title='bbox 1367 1963 1492 2005; x_wconf 89' lang='lat' dir='ltr'><strong>non</strong></span> <span class='ocrx_word' id='word_1_111' title='bbox 1535 1944 1648 2003; x_wconf 87' lang='lat' dir='ltr'><strong>im-</strong></span> 
     </span>
     <span class='ocr_line' id='line_1_18' title="bbox 119 2021 1647 2118; baseline -0.001 -20"><span class='ocrx_word' id='word_1_112' title='bbox 119 2038 310 2114; x_wconf 86' lang='lat' dir='ltr'><strong>pedita.</strong></span> <span class='ocrx_word' id='word_1_113' title='bbox 337 2041 410 2099; x_wconf 80' lang='lat' dir='ltr'><strong>Et</strong></span> <span class='ocrx_word' id='word_1_114' title='bbox 435 2021 794 2118; x_wconf 62' lang='lat' dir='ltr'><strong>adjungunt</strong></span> <span class='ocrx_word' id='word_1_115' title='bbox 823 2044 1032 2099; x_wconf 89' lang='lat' dir='ltr'><strong>actum</strong></span> <span class='ocrx_word' id='word_1_116' title='bbox 1070 2039 1308 2098; x_wconf 89' lang='lat' dir='ltr'><strong>malum</strong></span> <span class='ocrx_word' id='word_1_117' title='bbox 1353 2037 1647 2118; x_wconf 78' lang='lat' dir='ltr'><strong>cognosci</strong></span> 
     </span>
     <span class='ocr_line' id='line_1_19' title="bbox 121 2131 1646 2212; baseline 0.001 -23"><span class='ocrx_word' id='word_1_118' title='bbox 121 2131 354 2190; x_wconf 85' lang='lat' dir='ltr'><strong>futurum</strong></span> <span class='ocrx_word' id='word_1_119' title='bbox 381 2132 444 2191; x_wconf 91' lang='lat' dir='ltr'><strong>in</strong></span> <span class='ocrx_word' id='word_1_120' title='bbox 477 2133 831 2204; x_wconf 81' lang='lat' dir='ltr'><strong>voluntate,</strong></span> <span class='ocrx_word' id='word_1_121' title='bbox 877 2132 998 2192; x_wconf 89' lang='lat' dir='ltr'><strong>hoc</strong></span> <span class='ocrx_word' id='word_1_122' title='bbox 1039 2131 1176 2210; x_wconf 87' lang='lat' dir='ltr'><strong>ipso</strong></span> <span class='ocrx_word' id='word_1_123' title='bbox 1225 2131 1396 2212; x_wconf 90' lang='lat' dir='ltr'><strong>quod</strong></span> <span class='ocrx_word' id='word_1_124' title='bbox 1441 2149 1478 2190; x_wconf 90' lang='lat' dir='ltr'><strong>a</strong></span> <span class='ocrx_word' id='word_1_125' title='bbox 1516 2131 1646 2190; x_wconf 90' lang='lat' dir='ltr'><strong>Deo</strong></span> 
     </span>
     <span class='ocr_line' id='line_1_20' title="bbox 121 2225 1648 2304; baseline 0.001 -21"><span class='ocrx_word' id='word_1_126' title='bbox 121 2243 218 2284; x_wconf 88' lang='lat' dir='ltr'><strong>non</strong></span> <span class='ocrx_word' id='word_1_127' title='bbox 253 2225 830 2303; x_wconf 77' lang='lat' dir='ltr'><strong>praedeterminatur</strong></span> <span class='ocrx_word' id='word_1_128' title='bbox 877 2225 957 2286; x_wconf 79' lang='lat' dir='ltr'><strong>ad</strong></span> <span class='ocrx_word' id='word_1_129' title='bbox 1002 2225 1284 2298; x_wconf 77' lang='lat' dir='ltr'><strong>bonum3</strong></span> <span class='ocrx_word' id='word_1_130' title='bbox 1338 2243 1488 2304; x_wconf 88' lang='lat' dir='ltr'><strong>ergo</strong></span> <span class='ocrx_word' id='word_1_131' title='bbox 1535 2241 1648 2284; x_wconf 88' lang='lat' dir='ltr'><strong>ne-</strong></span> 
     </span>
     <span class='ocr_line' id='line_1_21' title="bbox 121 2317 1649 2392; baseline 0.001 -17"><span class='ocrx_word' id='word_1_132' title='bbox 121 2335 260 2376; x_wconf 86' lang='lat' dir='ltr'><strong>cesse</strong></span> <span class='ocrx_word' id='word_1_133' title='bbox 298 2323 386 2378; x_wconf 86' lang='lat' dir='ltr'><strong>est</strong></span> <span class='ocrx_word' id='word_1_134' title='bbox 411 2317 739 2379; x_wconf 81' lang='lat' dir='ltr'><strong>fateantur</strong></span> <span class='ocrx_word' id='word_1_135' title='bbox 763 2317 935 2378; x_wconf 84' lang='lat' dir='ltr'><strong>illam</strong></span> <span class='ocrx_word' id='word_1_136' title='bbox 966 2337 1044 2379; x_wconf 87' lang='lat' dir='ltr'><strong>ex</strong></span> <span class='ocrx_word' id='word_1_137' title='bbox 1067 2336 1159 2392; x_wconf 87' lang='lat' dir='ltr'><strong>se,</strong></span> <span class='ocrx_word' id='word_1_138' title='bbox 1189 2325 1252 2379; x_wconf 91' lang='lat' dir='ltr'><strong>et</strong></span> <span class='ocrx_word' id='word_1_139' title='bbox 1277 2317 1522 2378; x_wconf 86' lang='lat' dir='ltr'><strong>secluso</strong></span> <span class='ocrx_word' id='word_1_140' title='bbox 1547 2335 1649 2377; x_wconf 83' lang='lat' dir='ltr'><strong>ex-</strong></span> 
     </span>
     <span class='ocr_line' id='line_1_22' title="bbox 117 2411 1648 2491; baseline 0.001 -22"><span class='ocrx_word' id='word_1_141' title='bbox 117 2411 345 2472; x_wconf 83' lang='lat' dir='ltr'><strong>trinseco</strong></span> <span class='ocrx_word' id='word_1_142' title='bbox 368 2416 625 2491; x_wconf 72' lang='lat' dir='ltr'><strong>agente,</strong></span> <span class='ocrx_word' id='word_1_143' title='bbox 659 2429 799 2473; x_wconf 89' lang='lat' dir='ltr'><strong>esse</strong></span> <span class='ocrx_word' id='word_1_144' title='bbox 830 2411 1306 2472; x_wconf 81' lang='lat' dir='ltr'><strong>determinatam</strong></span> <span class='ocrx_word' id='word_1_145' title='bbox 1332 2411 1412 2472; x_wconf 87' lang='lat' dir='ltr'><strong>ad</strong></span> <span class='ocrx_word' id='word_1_146' title='bbox 1439 2416 1648 2472; x_wconf 90' lang='lat' dir='ltr'><strong>actum</strong></span> 
     </span>
     <span class='ocr_line' id='line_1_23' title="bbox 117 2504 1649 2584; baseline 0.003 -23"><span class='ocrx_word' id='word_1_147' title='bbox 117 2504 334 2564; x_wconf 84' lang='lat' dir='ltr'><strong>malum.</strong></span> <span class='ocrx_word' id='word_1_148' title='bbox 376 2507 502 2566; x_wconf 89' lang='lat' dir='ltr'><strong>Nec</strong></span> <span class='ocrx_word' id='word_1_149' title='bbox 543 2504 746 2566; x_wconf 82' lang='lat' dir='ltr'><strong>refert</strong></span> <span class='ocrx_word' id='word_1_150' title='bbox 775 2504 1156 2584; x_wconf 80' lang='lat' dir='ltr'><strong>distinguere</strong></span> <span class='ocrx_word' id='word_1_151' title='bbox 1194 2505 1272 2565; x_wconf 91' lang='lat' dir='ltr'><strong>de</strong></span> <span class='ocrx_word' id='word_1_152' title='bbox 1307 2509 1451 2566; x_wconf 85' lang='lat' dir='ltr'><strong>actu</strong></span> <span class='ocrx_word' id='word_1_153' title='bbox 1481 2504 1649 2565; x_wconf 89' lang='lat' dir='ltr'><strong>malo</strong></span> 
     </span>
     <span class='ocr_line' id='line_1_24' title="bbox 115 2594 1658 2678; baseline 0.001 -21"><span class='ocrx_word' id='word_1_154' title='bbox 115 2616 205 2675; x_wconf 90' lang='lat' dir='ltr'><strong>pro</strong></span> <span class='ocrx_word' id='word_1_155' title='bbox 251 2599 595 2672; x_wconf 88' lang='lat' dir='ltr'><strong>materiali,</strong></span> <span class='ocrx_word' id='word_1_156' title='bbox 659 2599 758 2660; x_wconf 80' lang='lat' dir='ltr'><strong>vel</strong></span> <span class='ocrx_word' id='word_1_157' title='bbox 815 2617 930 2678; x_wconf 90' lang='lat' dir='ltr'><strong>pro</strong></span> <span class='ocrx_word' id='word_1_158' title='bbox 978 2599 1274 2672; x_wconf 87' lang='lat' dir='ltr'><strong>formali,</strong></span> <span class='ocrx_word' id='word_1_159' title='bbox 1327 2615 1474 2659; x_wconf 89' lang='lat' dir='ltr'><strong>cum</strong></span> <span class='ocrx_word' id='word_1_160' title='bbox 1515 2594 1658 2658; x_wconf 79' lang='lat' dir='ltr'><strong>haec&#39;</strong></span> 
     </span>
     <span class='ocr_line' id='line_1_25' title="bbox 115 2691 1654 2774; baseline 0.003 -26"><span class='ocrx_word' id='word_1_161' title='bbox 115 2691 214 2752; x_wconf 80' lang='lat' dir='ltr'><strong>sint</strong></span> <span class='ocrx_word' id='word_1_162' title='bbox 241 2693 684 2774; x_wconf 80' lang='lat' dir='ltr'><strong>inseparabilia</strong></span> <span class='ocrx_word' id='word_1_163' title='bbox 722 2693 803 2754; x_wconf 89' lang='lat' dir='ltr'><strong>ab</strong></span> <span class='ocrx_word' id='word_1_164' title='bbox 843 2698 986 2754; x_wconf 86' lang='lat' dir='ltr'><strong>actu</strong></span> <span class='ocrx_word' id='word_1_165' title='bbox 1025 2693 1272 2766; x_wconf 88' lang='lat' dir='ltr'><strong>morali,</strong></span> <span class='ocrx_word' id='word_1_166' title='bbox 1299 2691 1378 2753; x_wconf 87' lang='lat' dir='ltr'><strong>de</strong></span> <span class='ocrx_word' id='word_1_167' title='bbox 1403 2710 1530 2771; x_wconf 90' lang='lat' dir='ltr'><strong>quo</strong></span> <span class='ocrx_word' id='word_1_168' title='bbox 1557 2692 1654 2752; x_wconf 89' lang='lat' dir='ltr'><strong>lo-</strong></span> 
     </span>
     <span class='ocr_line' id='line_1_26' title="bbox 115 2786 346 2861; baseline 0.013 -17"><span class='ocrx_word' id='word_1_169' title='bbox 115 2786 346 2861; x_wconf 87' lang='lat' dir='ltr'><strong>quimur.</strong></span> 
     </span>
    </p>

    <p class='ocr_par' dir='ltr' id='par_1_3' title="bbox 113 2879 1663 5090">
     <span class='ocr_line' id='line_1_27' title="bbox 179 2879 1651 2959; baseline 0.001 -22"><span class='ocrx_word' id='word_1_170' title='bbox 179 2881 262 2939; x_wconf 72' lang='lat'><strong>18.</strong></span> <span class='ocrx_word' id='word_1_171' title='bbox 309 2881 656 2944; x_wconf 73' lang='lat' dir='ltr'><strong>Permissio</strong></span> <span class='ocrx_word' id='word_1_172' title='bbox 703 2899 825 2943; x_wconf 74' lang='lat' dir='ltr'><strong>non</strong></span> <span class='ocrx_word' id='word_1_173' title='bbox 873 2879 1286 2957; x_wconf 74' lang='lat' dir='ltr'><strong>infallibiliter</strong></span> <span class='ocrx_word' id='word_1_174' title='bbox 1338 2882 1651 2959; x_wconf 65' lang='lat' dir='ltr'><strong>peceatum</strong></span> 
     </span>
     <span class='ocr_line' id='line_1_28' title="bbox 113 2973 1652 3054; baseline 0.001 -22"><span class='ocrx_word' id='word_1_175' title='bbox 113 2975 288 3052; x_wconf 67' lang='lat' dir='ltr'><strong>infert,</strong></span> <span class='ocrx_word' id='word_1_176' title='bbox 337 2975 396 3036; x_wconf 73' lang='lat' dir='ltr'><strong>si</strong></span> <span class='ocrx_word' id='word_1_177' title='bbox 437 2975 722 3039; x_wconf 68' lang='lat' dir='ltr'><strong>divinam</strong></span> <span class='ocrx_word' id='word_1_178' title='bbox 756 2974 952 3036; x_wconf 74' lang='lat' dir='ltr'><strong>solwm</strong></span> <span class='ocrx_word' id='word_1_179' title='bbox 989 2977 1317 3054; x_wconf 74' lang='lat' dir='ltr'><strong>spectemus</strong></span> <span class='ocrx_word' id='word_1_180' title='bbox 1371 2973 1652 3035; x_wconf 74' lang='lat' dir='ltr'><strong>volunta-</strong></span> 
     </span>
     <span class='ocr_line' id='line_1_29' title="bbox 115 3065 1652 3148; baseline 0.001 -23"><span class='ocrx_word' id='word_1_181' title='bbox 115 3070 226 3127; x_wconf 84' lang='lat' dir='ltr'><strong>tem.</strong></span> <span class='ocrx_word' id='word_1_182' title='bbox 267 3065 452 3131; x_wconf 66' lang='lat' dir='ltr'><strong>Scene</strong></span> <span class='ocrx_word' id='word_1_183' title='bbox 484 3067 546 3131; x_wconf 74' lang='lat' dir='ltr'><strong>ei</strong></span> <span class='ocrx_word' id='word_1_184' title='bbox 581 3068 1057 3131; x_wconf 72' lang='lat' dir='ltr'><strong>conditionatum</strong></span> <span class='ocrx_word' id='word_1_185' title='bbox 1103 3067 1289 3129; x_wconf 74' lang='lat' dir='ltr'><strong>simul</strong></span> <span class='ocrx_word' id='word_1_186' title='bbox 1325 3065 1652 3148; x_wconf 69' lang='lat' dir='ltr'><strong>prce-reien-</strong></span> 
     </span>
     <span class='ocr_line' id='line_1_30' title="bbox 115 3160 1650 3242; baseline -0.003 -19"><span class='ocrx_word' id='word_1_187' title='bbox 115 3161 238 3223; x_wconf 82' lang='lat' dir='ltr'><strong>tiam</strong></span> <span class='ocrx_word' id='word_1_188' title='bbox 254 3162 750 3227; x_wconf 69' lang='lat' dir='ltr'><strong>includamus.—</strong></span> <span class='ocrx_word' id='word_1_189' title='bbox 775 3162 1118 3223; x_wconf 84' lang='lat' dir='ltr'><strong>Dicendum</strong></span> <span class='ocrx_word' id='word_1_190' title='bbox 1135 3162 1326 3242; x_wconf 88' lang='lat' dir='ltr'><strong>igitur</strong></span> <span class='ocrx_word' id='word_1_191' title='bbox 1347 3163 1428 3221; x_wconf 90' lang='lat' dir='ltr'><strong>im</strong></span> <span class='ocrx_word' id='word_1_192' title='bbox 1436 3160 1650 3239; x_wconf 87' lang='lat' dir='ltr'><strong>primis</strong></span> 
     </span>
     <span class='ocr_line' id='line_1_31' title="bbox 117 3252 1652 3335; baseline 0 -23"><span class='ocrx_word' id='word_1_193' title='bbox 117 3260 209 3325; x_wconf 83' lang='lat' dir='ltr'><strong>est,</strong></span> <span class='ocrx_word' id='word_1_194' title='bbox 240 3274 307 3315; x_wconf 85' lang='lat' dir='ltr'><strong>ex</strong></span> <span class='ocrx_word' id='word_1_195' title='bbox 333 3258 392 3316; x_wconf 81' lang='lat' dir='ltr'><strong>vi</strong></span> <span class='ocrx_word' id='word_1_196' title='bbox 419 3256 861 3335; x_wconf 85' lang='lat' dir='ltr'><strong>permissionis</strong></span> <span class='ocrx_word' id='word_1_197' title='bbox 888 3256 1131 3335; x_wconf 87' lang='lat' dir='ltr'><strong>peccati</strong></span> <span class='ocrx_word' id='word_1_198' title='bbox 1153 3273 1282 3316; x_wconf 91' lang='lat' dir='ltr'><strong>non</strong></span> <span class='ocrx_word' id='word_1_199' title='bbox 1307 3272 1444 3315; x_wconf 89' lang='lat' dir='ltr'><strong>esse</strong></span> <span class='ocrx_word' id='word_1_200' title='bbox 1473 3252 1652 3313; x_wconf 89' lang='lat' dir='ltr'><strong>infal-</strong></span> 
     </span>
     <span class='ocr_line' id='line_1_32' title="bbox 117 3346 1650 3429; baseline 0.001 -24"><span class='ocrx_word' id='word_1_201' title='bbox 117 3346 272 3421; x_wconf 72' lang='lat' dir='ltr'><strong>libne,</strong></span> <span class='ocrx_word' id='word_1_202' title='bbox 295 3348 576 3410; x_wconf 87' lang='lat' dir='ltr'><strong>futurum</strong></span> <span class='ocrx_word' id='word_1_203' title='bbox 601 3368 746 3411; x_wconf 88' lang='lat' dir='ltr'><strong>esse</strong></span> <span class='ocrx_word' id='word_1_204' title='bbox 768 3355 1117 3429; x_wconf 86' lang='lat' dir='ltr'><strong>peccatum,</strong></span> <span class='ocrx_word' id='word_1_205' title='bbox 1142 3349 1192 3409; x_wconf 91' lang='lat' dir='ltr'><strong>si</strong></span> <span class='ocrx_word' id='word_1_206' title='bbox 1211 3348 1410 3409; x_wconf 86' lang='lat' dir='ltr'><strong>solam</strong></span> <span class='ocrx_word' id='word_1_207' title='bbox 1433 3346 1650 3407; x_wconf 87' lang='lat' dir='ltr'><strong>volun-</strong></span> 
     </span>
     <span class='ocr_line' id='line_1_33' title="bbox 117 3440 1650 3525; baseline 0.001 -26"><span class='ocrx_word' id='word_1_208' title='bbox 117 3446 274 3502; x_wconf 87' lang='lat' dir='ltr'><strong>tatem</strong></span> <span class='ocrx_word' id='word_1_209' title='bbox 317 3444 425 3504; x_wconf 89' lang='lat' dir='ltr'><strong>Dei</strong></span> <span class='ocrx_word' id='word_1_210' title='bbox 465 3448 862 3525; x_wconf 75' lang='lat' dir='ltr'><strong>spectemuS,</strong></span> <span class='ocrx_word' id='word_1_211' title='bbox 901 3450 972 3504; x_wconf 89' lang='lat' dir='ltr'><strong>ut</strong></span> <span class='ocrx_word' id='word_1_212' title='bbox 1011 3461 1176 3521; x_wconf 83' lang='lat' dir='ltr'><strong>saepe</strong></span> <span class='ocrx_word' id='word_1_213' title='bbox 1207 3442 1274 3502; x_wconf 90' lang='lat' dir='ltr'><strong>in</strong></span> <span class='ocrx_word' id='word_1_214' title='bbox 1319 3440 1650 3520; x_wconf 88' lang='lat' dir='ltr'><strong>superiori-</strong></span> 
     </span>
     <span class='ocr_line' id='line_1_34' title="bbox 119 3532 1654 3599; baseline 0.002 -8"><span class='ocrx_word' id='word_1_215' title='bbox 119 3532 210 3593; x_wconf 88' lang='lat' dir='ltr'><strong>bus</strong></span> <span class='ocrx_word' id='word_1_216' title='bbox 243 3534 462 3597; x_wconf 80' lang='lat' dir='ltr'><strong>dictum</strong></span> <span class='ocrx_word' id='word_1_217' title='bbox 517 3542 628 3599; x_wconf 89' lang='lat' dir='ltr'><strong>est</strong></span> <span class='ocrx_word' id='word_1_218' title='bbox 681 3555 758 3599; x_wconf 86' lang='lat' dir='ltr'><strong>ex</strong></span> <span class='ocrx_word' id='word_1_219' title='bbox 804 3536 1084 3598; x_wconf 89' lang='lat' dir='ltr'><strong>doctrina</strong></span> <span class='ocrx_word' id='word_1_220' title='bbox 1127 3534 1251 3596; x_wconf 83' lang='lat' dir='ltr'><strong>divi</strong></span> <span class='ocrx_word' id='word_1_221' title='bbox 1291 3536 1546 3595; x_wconf 77' lang='lat' dir='ltr'><strong>Thomas</strong></span> <span class='ocrx_word' id='word_1_222' title='bbox 1591 3537 1654 3595; x_wconf 86' lang='lat' dir='ltr'><strong>et</strong></span> 
     </span>
     <span class='ocr_line' id='line_1_35' title="bbox 117 3626 1652 3701; baseline 0.001 -16"><span class='ocrx_word' id='word_1_223' title='bbox 117 3626 274 3701; x_wconf 88' lang='lat' dir='ltr'><strong>Scoti,</strong></span> <span class='ocrx_word' id='word_1_224' title='bbox 320 3636 376 3690; x_wconf 86' lang='lat' dir='ltr'><strong>et</strong></span> <span class='ocrx_word' id='word_1_225' title='bbox 432 3648 512 3691; x_wconf 83' lang='lat' dir='ltr'><strong>ex</strong></span> <span class='ocrx_word' id='word_1_226' title='bbox 562 3631 857 3691; x_wconf 83' lang='lat' dir='ltr'><strong>terminis</strong></span> <span class='ocrx_word' id='word_1_227' title='bbox 915 3634 1010 3691; x_wconf 88' lang='lat' dir='ltr'><strong>est</strong></span> <span class='ocrx_word' id='word_1_228' title='bbox 1066 3630 1200 3689; x_wconf 89' lang='lat' dir='ltr'><strong>fere</strong></span> <span class='ocrx_word' id='word_1_229' title='bbox 1256 3628 1536 3701; x_wconf 81' lang='lat' dir='ltr'><strong>evidenS,</strong></span> <span class='ocrx_word' id='word_1_230' title='bbox 1591 3632 1652 3687; x_wconf 87' lang='lat' dir='ltr'><strong>et</strong></span> 
     </span>
     <span class='ocr_line' id='line_1_36' title="bbox 117 3722 1654 3808; baseline 0.001 -29"><span class='ocrx_word' id='word_1_231' title='bbox 117 3737 178 3779; x_wconf 81' lang='lat' dir='ltr'><strong>ex</strong></span> <span class='ocrx_word' id='word_1_232' title='bbox 215 3723 550 3785; x_wconf 87' lang='lat' dir='ltr'><strong>rationibus</strong></span> <span class='ocrx_word' id='word_1_233' title='bbox 595 3724 888 3803; x_wconf 84' lang='lat' dir='ltr'><strong>proxime</strong></span> <span class='ocrx_word' id='word_1_234' title='bbox 933 3724 1132 3784; x_wconf 80' lang='lat' dir='ltr'><strong>factis,</strong></span> <span class='ocrx_word' id='word_1_235' title='bbox 1186 3722 1516 3808; x_wconf 88' lang='lat' dir='ltr'><strong>Supposita</strong></span> <span class='ocrx_word' id='word_1_236' title='bbox 1563 3725 1654 3781; x_wconf 88' lang='lat' dir='ltr'><strong>ta-</strong></span> 
     </span>
     <span class='ocr_line' id='line_1_37' title="bbox 115 3814 1654 3895; baseline 0.001 -24"><span class='ocrx_word' id='word_1_237' title='bbox 115 3830 234 3873; x_wconf 87' lang='lat' dir='ltr'><strong>men</strong></span> <span class='ocrx_word' id='word_1_238' title='bbox 279 3818 533 3879; x_wconf 86' lang='lat' dir='ltr'><strong>scientia</strong></span> <span class='ocrx_word' id='word_1_239' title='bbox 583 3816 1054 3892; x_wconf 84' lang='lat' dir='ltr'><strong>conditionata,</strong></span> <span class='ocrx_word' id='word_1_240' title='bbox 1107 3834 1230 3895; x_wconf 90' lang='lat' dir='ltr'><strong>qua</strong></span> <span class='ocrx_word' id='word_1_241' title='bbox 1271 3818 1437 3877; x_wconf 85' lang='lat' dir='ltr'><strong>Deus</strong></span> <span class='ocrx_word' id='word_1_242' title='bbox 1483 3814 1654 3875; x_wconf 85' lang='lat' dir='ltr'><strong>novit</strong></span> 
     </span>
     <span class='ocr_line' id='line_1_38' title="bbox 116 3907 1652 3989; baseline 0.001 -23"><span class='ocrx_word' id='word_1_243' title='bbox 116 3907 254 3983; x_wconf 84' lang='lat' dir='ltr'><strong>quod</strong></span> <span class='ocrx_word' id='word_1_244' title='bbox 276 3909 552 3972; x_wconf 85' lang='lat' dir='ltr'><strong>facturus</strong></span> <span class='ocrx_word' id='word_1_245' title='bbox 584 3911 672 3972; x_wconf 83' lang='lat' dir='ltr'><strong>sit</strong></span> <span class='ocrx_word' id='word_1_246' title='bbox 697 3910 889 3971; x_wconf 90' lang='lat' dir='ltr'><strong>homo</strong></span> <span class='ocrx_word' id='word_1_247' title='bbox 929 3912 994 3971; x_wconf 91' lang='lat' dir='ltr'><strong>in</strong></span> <span class='ocrx_word' id='word_1_248' title='bbox 1024 3910 1302 3989; x_wconf 86' lang='lat' dir='ltr'><strong>qualibet</strong></span> <span class='ocrx_word' id='word_1_249' title='bbox 1325 3909 1652 3971; x_wconf 85' lang='lat' dir='ltr'><strong>occasione</strong></span> 
     </span>
     <span class='ocr_line' id='line_1_39' title="bbox 119 4002 1655 4085; baseline 0.001 -26"><span class='ocrx_word' id='word_1_250' title='bbox 119 4004 471 4077; x_wconf 80' lang='lat' dir='ltr'><strong>constitutus,</strong></span> <span class='ocrx_word' id='word_1_251' title='bbox 503 4005 812 4085; x_wconf 87' lang='lat' dir='ltr'><strong>adjuncta</strong></span> <span class='ocrx_word' id='word_1_252' title='bbox 853 4004 1266 4084; x_wconf 88' lang='lat' dir='ltr'><strong>permissione</strong></span> <span class='ocrx_word' id='word_1_253' title='bbox 1286 4049 1303 4076; x_wconf 90' lang='lat'>‚</span> <span class='ocrx_word' id='word_1_254' title='bbox 1333 4002 1655 4064; x_wconf 84' lang='lat' dir='ltr'><strong>evidenter</strong></span> 
     </span>
     <span class='ocr_line' id='line_1_40' title="bbox 121 4093 1655 4177; baseline 0.001 -25"><span class='ocrx_word' id='word_1_255' title='bbox 121 4098 473 4173; x_wconf 82' lang='lat' dir='ltr'><strong>cognoscitur</strong></span> <span class='ocrx_word' id='word_1_256' title='bbox 501 4098 660 4177; x_wconf 88' lang='lat' dir='ltr'><strong>quid</strong></span> <span class='ocrx_word' id='word_1_257' title='bbox 701 4098 808 4158; x_wconf 88' lang='lat' dir='ltr'><strong>ille</strong></span> <span class='ocrx_word' id='word_1_258' title='bbox 835 4099 1024 4159; x_wconf 90' lang='lat' dir='ltr'><strong>homo</strong></span> <span class='ocrx_word' id='word_1_259' title='bbox 1051 4096 1328 4158; x_wconf 83' lang='lat' dir='ltr'><strong>facturus</strong></span> <span class='ocrx_word' id='word_1_260' title='bbox 1355 4096 1452 4157; x_wconf 89' lang='lat' dir='ltr'><strong>sit.</strong></span> <span class='ocrx_word' id='word_1_261' title='bbox 1484 4093 1655 4155; x_wconf 87' lang='lat' dir='ltr'><strong>Solet</strong></span> 
     </span>
     <span class='ocr_line' id='line_1_41' title="bbox 122 4188 1652 4269; baseline 0.001 -24"><span class='ocrx_word' id='word_1_262' title='bbox 122 4194 298 4249; x_wconf 82' lang='lat' dir='ltr'><strong>autem</strong></span> <span class='ocrx_word' id='word_1_263' title='bbox 357 4210 594 4253; x_wconf 89' lang='lat' dir='ltr'><strong>nomen</strong></span> <span class='ocrx_word' id='word_1_264' title='bbox 653 4190 1084 4269; x_wconf 87' lang='lat' dir='ltr'><strong>permissionis</strong></span> <span class='ocrx_word' id='word_1_265' title='bbox 1138 4190 1526 4269; x_wconf 85' lang='lat' dir='ltr'><strong>frequentius</strong></span> <span class='ocrx_word' id='word_1_266' title='bbox 1587 4188 1652 4247; x_wconf 91' lang='lat' dir='ltr'><strong>in</strong></span> 
     </span>
     <span class='ocr_line' id='line_1_42' title="bbox 123 4280 1655 4363; baseline 0.002 -25"><span class='ocrx_word' id='word_1_267' title='bbox 123 4280 216 4341; x_wconf 86' lang='lat' dir='ltr'><strong>hac</strong></span> <span class='ocrx_word' id='word_1_268' title='bbox 241 4286 592 4363; x_wconf 81' lang='lat' dir='ltr'><strong>acceptione</strong></span> <span class='ocrx_word' id='word_1_269' title='bbox 623 4284 825 4355; x_wconf 89' lang='lat' dir='ltr'><strong>sumi;</strong></span> <span class='ocrx_word' id='word_1_270' title='bbox 857 4291 1005 4345; x_wconf 87' lang='lat' dir='ltr'><strong>tunc</strong></span> <span class='ocrx_word' id='word_1_271' title='bbox 1029 4284 1194 4344; x_wconf 88' lang='lat' dir='ltr'><strong>enim</strong></span> <span class='ocrx_word' id='word_1_272' title='bbox 1226 4283 1450 4345; x_wconf 86' lang='lat' dir='ltr'><strong>dicitur</strong></span> <span class='ocrx_word' id='word_1_273' title='bbox 1488 4284 1655 4343; x_wconf 88' lang='lat' dir='ltr'><strong>Deus</strong></span> 
     </span>
     <span class='ocr_line' id='line_1_43' title="bbox 121 4373 1656 4455; baseline 0.001 -23"><span class='ocrx_word' id='word_1_274' title='bbox 121 4377 442 4449; x_wconf 75' lang='lat' dir='ltr'><strong>permittere</strong></span> <span class='ocrx_word' id='word_1_275' title='bbox 469 4377 804 4439; x_wconf 89' lang='lat' dir='ltr'><strong>hominem</strong></span> <span class='ocrx_word' id='word_1_276' title='bbox 829 4376 978 4450; x_wconf 89' lang='lat' dir='ltr'><strong>labi,</strong></span> <span class='ocrx_word' id='word_1_277' title='bbox 1011 4376 1266 4455; x_wconf 89' lang='lat' dir='ltr'><strong>quando</strong></span> <span class='ocrx_word' id='word_1_278' title='bbox 1309 4373 1656 4455; x_wconf 83' lang='lat' dir='ltr'><strong>praevidens</strong></span> 
     </span>
     <span class='ocr_line' id='line_1_44' title="bbox 121 4468 1658 4543; baseline 0 -16"><span class='ocrx_word' id='word_1_279' title='bbox 121 4468 282 4543; x_wconf 85' lang='lat' dir='ltr'><strong>quod,</strong></span> <span class='ocrx_word' id='word_1_280' title='bbox 314 4470 362 4529; x_wconf 91' lang='lat' dir='ltr'><strong>si</strong></span> <span class='ocrx_word' id='word_1_281' title='bbox 388 4472 452 4530; x_wconf 91' lang='lat' dir='ltr'><strong>in</strong></span> <span class='ocrx_word' id='word_1_282' title='bbox 481 4469 592 4531; x_wconf 89' lang='lat' dir='ltr'><strong>tali</strong></span> <span class='ocrx_word' id='word_1_283' title='bbox 627 4470 962 4531; x_wconf 80' lang='lat' dir='ltr'><strong>occasione</strong></span> <span class='ocrx_word' id='word_1_284' title='bbox 983 4470 1414 4540; x_wconf 83' lang='lat' dir='ltr'><strong>constituatur,</strong></span> <span class='ocrx_word' id='word_1_285' title='bbox 1441 4474 1504 4528; x_wconf 92' lang='lat' dir='ltr'><strong>et</strong></span> <span class='ocrx_word' id='word_1_286' title='bbox 1527 4474 1658 4527; x_wconf 87' lang='lat' dir='ltr'><strong>ten-</strong></span> 
     </span>
     <span class='ocr_line' id='line_1_45' title="bbox 123 4561 1660 4639; baseline 0.002 -22"><span class='ocrx_word' id='word_1_287' title='bbox 123 4561 216 4617; x_wconf 83' lang='lat' dir='ltr'><strong>tari</strong></span> <span class='ocrx_word' id='word_1_288' title='bbox 245 4564 656 4639; x_wconf 85' lang='lat' dir='ltr'><strong>permittatur,</strong></span> <span class='ocrx_word' id='word_1_289' title='bbox 705 4568 768 4623; x_wconf 90' lang='lat' dir='ltr'><strong>et</strong></span> <span class='ocrx_word' id='word_1_290' title='bbox 810 4582 952 4623; x_wconf 89' lang='lat' dir='ltr'><strong>cum</strong></span> <span class='ocrx_word' id='word_1_291' title='bbox 1000 4563 1228 4623; x_wconf 88' lang='lat' dir='ltr'><strong>talibus</strong></span> <span class='ocrx_word' id='word_1_292' title='bbox 1274 4562 1517 4622; x_wconf 83' lang='lat' dir='ltr'><strong>auxiliis</strong></span> <span class='ocrx_word' id='word_1_293' title='bbox 1565 4578 1660 4621; x_wconf 88' lang='lat' dir='ltr'><strong>re-</strong></span> 
     </span>
     <span class='ocr_line' id='line_1_46' title="bbox 123 4648 1660 4731; baseline 0.004 -23"><span class='ocrx_word' id='word_1_294' title='bbox 123 4648 423 4731; x_wconf 79' lang='lat' dir='ltr'><strong>linquatur,</strong></span> <span class='ocrx_word' id='word_1_295' title='bbox 479 4656 618 4716; x_wconf 83' lang='lat' dir='ltr'><strong>sine</strong></span> <span class='ocrx_word' id='word_1_296' title='bbox 673 4656 864 4718; x_wconf 89' lang='lat' dir='ltr'><strong>dubio</strong></span> <span class='ocrx_word' id='word_1_297' title='bbox 919 4654 1198 4730; x_wconf 86' lang='lat' dir='ltr'><strong>deficiet,</strong></span> <span class='ocrx_word' id='word_1_298' title='bbox 1253 4655 1660 4716; x_wconf 87' lang='lat' dir='ltr'><strong>nihilominus</strong></span> 
     </span>
     <span class='ocr_line' id='line_1_47' title="bbox 128 4748 1660 4830; baseline 0.003 -25"><span class='ocrx_word' id='word_1_299' title='bbox 128 4762 248 4806; x_wconf 83' lang='lat' dir='ltr'><strong>eum</strong></span> <span class='ocrx_word' id='word_1_300' title='bbox 270 4751 350 4810; x_wconf 84' lang='lat' dir='ltr'><strong>sic</strong></span> <span class='ocrx_word' id='word_1_301' title='bbox 389 4750 718 4813; x_wconf 86' lang='lat' dir='ltr'><strong>constituit</strong></span> <span class='ocrx_word' id='word_1_302' title='bbox 761 4757 824 4812; x_wconf 87' lang='lat' dir='ltr'><strong>et</strong></span> <span class='ocrx_word' id='word_1_303' title='bbox 864 4750 1196 4830; x_wconf 86' lang='lat' dir='ltr'><strong>permit·tit;</strong></span> <span class='ocrx_word' id='word_1_304' title='bbox 1248 4755 1310 4812; x_wconf 88' lang='lat' dir='ltr'><strong>et</strong></span> <span class='ocrx_word' id='word_1_305' title='bbox 1351 4751 1492 4812; x_wconf 89' lang='lat' dir='ltr'><strong>ideo</strong></span> <span class='ocrx_word' id='word_1_306' title='bbox 1538 4748 1660 4812; x_wconf 88' lang='lat' dir='ltr'><strong>dici</strong></span> 
     </span>
     <span class='ocr_line' id='line_1_48' title="bbox 129 4838 1654 4922; baseline 0.005 -26"><span class='ocrx_word' id='word_1_307' title='bbox 129 4838 263 4901; x_wconf 81' lang='lat' dir='ltr'><strong>solet</strong></span> <span class='ocrx_word' id='word_1_308' title='bbox 295 4842 584 4905; x_wconf 86' lang='lat' dir='ltr'><strong>effectum</strong></span> <span class='ocrx_word' id='word_1_309' title='bbox 633 4846 1010 4922; x_wconf 85' lang='lat' dir='ltr'><strong>permissum</strong></span> <span class='ocrx_word' id='word_1_310' title='bbox 1061 4860 1202 4907; x_wconf 85' lang='lat' dir='ltr'><strong>esse</strong></span> <span class='ocrx_word' id='word_1_311' title='bbox 1245 4843 1654 4916; x_wconf 84' lang='lat' dir='ltr'><strong>infallibilem,</strong></span> 
     </span>
     <span class='ocr_line' id='line_1_49' title="bbox 131 4936 1663 5017; baseline 0.005 -29"><span class='ocrx_word' id='word_1_312' title='bbox 131 4948 236 4990; x_wconf 88' lang='lat' dir='ltr'><strong>non</strong></span> <span class='ocrx_word' id='word_1_313' title='bbox 259 4940 460 4996; x_wconf 85' lang='lat' dir='ltr'><strong>tamen</strong></span> <span class='ocrx_word' id='word_1_314' title='bbox 504 4953 587 4995; x_wconf 86' lang='lat' dir='ltr'><strong>ex</strong></span> <span class='ocrx_word' id='word_1_315' title='bbox 613 4937 678 4996; x_wconf 81' lang='lat' dir='ltr'><strong>vi</strong></span> <span class='ocrx_word' id='word_1_316' title='bbox 719 4937 910 4998; x_wconf 86' lang='lat' dir='ltr'><strong>solius</strong></span> <span class='ocrx_word' id='word_1_317' title='bbox 951 4938 1404 5017; x_wconf 87' lang='lat' dir='ltr'><strong>permissionis,</strong></span> <span class='ocrx_word' id='word_1_318' title='bbox 1433 4943 1504 4997; x_wconf 87' lang='lat' dir='ltr'><strong>ut</strong></span> <span class='ocrx_word' id='word_1_319' title='bbox 1531 4936 1663 4997; x_wconf 85' lang='lat' dir='ltr'><strong>dic·</strong></span> 
     </span>
     <span class='ocr_line' id='line_1_50' title="bbox 133 5030 369 5090; baseline 0.03 -7"><span class='ocrx_word' id='word_1_320' title='bbox 133 5030 242 5086; x_wconf 89' lang='lat' dir='ltr'><strong>tum</strong></span> <span class='ocrx_word' id='word_1_321' title='bbox 263 5034 369 5090; x_wconf 89' lang='lat' dir='ltr'><strong>cst.</strong></span> 
     </span>
    </p>
   </div>
   <div class='ocr_carea' id='block_1_3' title="bbox 203 5122 1667 5189">
    <p class='ocr_par' dir='ltr' id='par_1_4' title="bbox 203 5122 1667 5213">
     <span class='ocr_line' id='line_1_51' title="bbox 203 5122 1667 5189; baseline 0.004 -10"><span class='ocrx_word' id='word_1_322' title='bbox 203 5124 286 5180; x_wconf 77' lang='lat'><strong>¹9.</strong></span> <span class='ocrx_word' id='word_1_323' title='bbox 313 5122 737 5189; x_wconf 71' lang='lat' dir='ltr'><strong>Corollariwm.</strong></span> <span class='ocrx_word' id='word_1_324' title='bbox 771 5156 854 5171; x_wconf 93' lang='lat'><strong>·—-</strong></span> <span class='ocrx_word' id='word_1_325' title='bbox 892 5125 1238 5188; x_wconf 71' lang='lat' dir='ltr'><strong>Disco-imm</strong></span> <span class='ocrx_word' id='word_1_326' title='bbox 1262 5125 1425 5187; x_wconf 72' lang='lat' dir='ltr'><strong>inter</strong></span> <span class='ocrx_word' id='word_1_327' title='bbox 1460 5122 1667 5185; x_wconf 70' lang='lat' dir='ltr'><strong>volim-</strong></span> 
     </span>
    </p>
   </div>
   <div class='ocr_carea' id='block_1_4' title="bbox 136 5216 1662 5302">
    <p class='ocr_par' dir='ltr' id='par_1_5' title="bbox 136 5216 1662 5302">
     <span class='ocr_line' id='line_1_52' title="bbox 136 5216 1662 5302; baseline 0.003 -29"><span class='ocrx_word' id='word_1_328' title='bbox 136 5216 289 5277; x_wconf 73' lang='lat' dir='ltr'><strong>tatem</strong></span> <span class='ocrx_word' id='word_1_329' title='bbox 304 5219 739 5299; x_wconf 68' lang='lat' dir='ltr'><strong>proefinitivam</strong></span> <span class='ocrx_word' id='word_1_330' title='bbox 766 5226 824 5283; x_wconf 83' lang='lat' dir='ltr'><strong>et</strong></span> <span class='ocrx_word' id='word_1_331' title='bbox 842 5220 1271 5302; x_wconf 74' lang='lat' dir='ltr'><strong>permissivum</strong></span> <span class='ocrx_word' id='word_1_332' title='bbox 1293 5216 1446 5281; x_wconf 80' lang='lat' dir='ltr'><strong>mali</strong></span> <span class='ocrx_word' id='word_1_333' title='bbox 1467 5222 1662 5279; x_wconf 71' lang='lat' dir='ltr'><strong>actus.</strong></span> 
     </span>
    </p>
   </div>
   <div class='ocr_carea' id='block_1_5' title="bbox 3176 443 3285 504">
    <p class='ocr_par' dir='ltr' id='par_1_6' title="bbox 3176 443 3285 504">
     <span class='ocr_line' id='line_1_53' title="bbox 3176 443 3285 504; baseline -0.009 0"><span class='ocrx_word' id='word_1_334' title='bbox 3176 443 3285 504; x_wconf 71' lang='lat'><strong>131</strong></span> 
     </span>
    </p>
   </div>
   <div class='ocr_carea' id='block_1_6' title="bbox 1724 543 3315 5295">
    <p class='ocr_par' dir='ltr' id='par_1_7' title="bbox 1724 543 3303 4449">
     <span class='ocr_line' id='line_1_54' title="bbox 1729 543 3297 628; baseline 0.006 -26"><span class='ocrx_word' id='word_1_335' title='bbox 1729 543 1970 605; x_wconf 85' lang='lat' dir='ltr'><strong>fallibili</strong></span> <span class='ocrx_word' id='word_1_336' title='bbox 2008 547 2177 624; x_wconf 91' lang='lat' dir='ltr'><strong>quod</strong></span> <span class='ocrx_word' id='word_1_337' title='bbox 2202 549 2279 609; x_wconf 88' lang='lat' dir='ltr'><strong>sit</strong></span> <span class='ocrx_word' id='word_1_338' title='bbox 2317 549 2831 609; x_wconf 87' lang='lat' dir='ltr'><strong>committendum</strong></span> <span class='ocrx_word' id='word_1_339' title='bbox 2860 554 3209 628; x_wconf 86' lang='lat' dir='ltr'><strong>peccatum,</strong></span> <span class='ocrx_word' id='word_1_340' title='bbox 3242 552 3297 612; x_wconf 89' lang='lat' dir='ltr'><strong>si</strong></span> 
     </span>
     <span class='ocr_line' id='line_1_55' title="bbox 1728 638 3295 722; baseline 0.004 -24"><span class='ocrx_word' id='word_1_341' title='bbox 1728 638 2144 717; x_wconf 82' lang='lat' dir='ltr'><strong>permittatur.</strong></span> <span class='ocrx_word' id='word_1_342' title='bbox 2208 641 2363 713; x_wconf 87' lang='lat' dir='ltr'><strong>Quia</strong></span> <span class='ocrx_word' id='word_1_343' title='bbox 2414 659 2529 720; x_wconf 90' lang='lat' dir='ltr'><strong>per</strong></span> <span class='ocrx_word' id='word_1_344' title='bbox 2580 640 2969 702; x_wconf 88' lang='lat' dir='ltr'><strong>voluntatem</strong></span> <span class='ocrx_word' id='word_1_345' title='bbox 3010 643 3295 722; x_wconf 81' lang='lat' dir='ltr'><strong>praedefi-</strong></span> 
     </span>
     <span class='ocr_line' id='line_1_56' title="bbox 1726 730 3295 814; baseline 0.004 -24"><span class='ocrx_word' id='word_1_346' title='bbox 1726 730 2009 791; x_wconf 89' lang='lat' dir='ltr'><strong>nientem</strong></span> <span class='ocrx_word' id='word_1_347' title='bbox 2036 737 2131 794; x_wconf 85' lang='lat' dir='ltr'><strong>est</strong></span> <span class='ocrx_word' id='word_1_348' title='bbox 2162 733 2395 796; x_wconf 87' lang='lat' dir='ltr'><strong>directe</strong></span> <span class='ocrx_word' id='word_1_349' title='bbox 2456 734 2683 794; x_wconf 75' lang='lat' dir='ltr'><strong>volitas</strong></span> <span class='ocrx_word' id='word_1_350' title='bbox 2710 740 2885 795; x_wconf 90' lang='lat' dir='ltr'><strong>actus</strong></span> <span class='ocrx_word' id='word_1_351' title='bbox 2916 736 3194 814; x_wconf 77' lang='lat' dir='ltr'><strong>pcccati;</strong></span> <span class='ocrx_word' id='word_1_352' title='bbox 3233 739 3295 797; x_wconf 86' lang='lat' dir='ltr'><strong>et</strong></span> 
     </span>
     <span class='ocr_line' id='line_1_57' title="bbox 1728 825 3295 908; baseline 0.004 -24"><span class='ocrx_word' id='word_1_353' title='bbox 1728 843 1874 885; x_wconf 90' lang='lat' dir='ltr'><strong>cum</strong></span> <span class='ocrx_word' id='word_1_354' title='bbox 1903 825 1979 885; x_wconf 87' lang='lat' dir='ltr'><strong>sit</strong></span> <span class='ocrx_word' id='word_1_355' title='bbox 2008 827 2232 888; x_wconf 85' lang='lat' dir='ltr'><strong>volitus</strong></span> <span class='ocrx_word' id='word_1_356' title='bbox 2256 829 2322 888; x_wconf 91' lang='lat' dir='ltr'><strong>in</strong></span> <span class='ocrx_word' id='word_1_357' title='bbox 2348 828 2729 908; x_wconf 88' lang='lat' dir='ltr'><strong>particulari,</strong></span> <span class='ocrx_word' id='word_1_358' title='bbox 2753 833 2813 889; x_wconf 91' lang='lat' dir='ltr'><strong>et</strong></span> <span class='ocrx_word' id='word_1_359' title='bbox 2830 847 2973 890; x_wconf 88' lang='lat' dir='ltr'><strong>cum</strong></span> <span class='ocrx_word' id='word_1_360' title='bbox 3002 830 3295 891; x_wconf 89' lang='lat' dir='ltr'><strong>omnibus</strong></span> 
     </span>
     <span class='ocr_line' id='line_1_58' title="bbox 1727 919 3295 1002; baseline 0.003 -22"><span class='ocrx_word' id='word_1_361' title='bbox 1727 919 2187 982; x_wconf 88' lang='lat' dir='ltr'><strong>conditionibus</strong></span> <span class='ocrx_word' id='word_1_362' title='bbox 2207 923 2572 996; x_wconf 80' lang='lat' dir='ltr'><strong>moralibuS,</strong></span> <span class='ocrx_word' id='word_1_363' title='bbox 2596 941 2738 983; x_wconf 88' lang='lat' dir='ltr'><strong>cum</strong></span> <span class='ocrx_word' id='word_1_364' title='bbox 2768 923 2997 1002; x_wconf 90' lang='lat' dir='ltr'><strong>quibus</strong></span> <span class='ocrx_word' id='word_1_365' title='bbox 3023 923 3295 986; x_wconf 85' lang='lat' dir='ltr'><strong>efficien-</strong></span> 
     </span>
     <span class='ocr_line' id='line_1_59' title="bbox 1727 1011 3294 1096; baseline 0.004 -24"><span class='ocrx_word' id='word_1_366' title='bbox 1727 1011 1845 1072; x_wconf 88' lang='lat' dir='ltr'><strong>dus</strong></span> <span class='ocrx_word' id='word_1_367' title='bbox 1865 1019 1981 1085; x_wconf 87' lang='lat' dir='ltr'><strong>est,</strong></span> <span class='ocrx_word' id='word_1_368' title='bbox 2008 1014 2091 1074; x_wconf 92' lang='lat' dir='ltr'><strong>ibi</strong></span> <span class='ocrx_word' id='word_1_369' title='bbox 2124 1020 2217 1075; x_wconf 87' lang='lat' dir='ltr'><strong>est</strong></span> <span class='ocrx_word' id='word_1_370' title='bbox 2270 1015 2495 1076; x_wconf 82' lang='lat' dir='ltr'><strong>virtute</strong></span> <span class='ocrx_word' id='word_1_371' title='bbox 2530 1016 2719 1077; x_wconf 85' lang='lat' dir='ltr'><strong>volita</strong></span> <span class='ocrx_word' id='word_1_372' title='bbox 2744 1016 3004 1089; x_wconf 88' lang='lat' dir='ltr'><strong>malitia,</strong></span> <span class='ocrx_word' id='word_1_373' title='bbox 3048 1035 3183 1096; x_wconf 82' lang='lat' dir='ltr'><strong>quae</strong></span> <span class='ocrx_word' id='word_1_374' title='bbox 3211 1018 3294 1078; x_wconf 87' lang='lat' dir='ltr'><strong>ab</strong></span> 
     </span>
     <span class='ocr_line' id='line_1_60' title="bbox 1727 1104 3294 1188; baseline 0.006 -25"><span class='ocrx_word' id='word_1_375' title='bbox 1727 1104 1830 1164; x_wconf 86' lang='lat' dir='ltr'><strong>illo</strong></span> <span class='ocrx_word' id='word_1_376' title='bbox 1855 1109 1996 1166; x_wconf 84' lang='lat' dir='ltr'><strong>actu</strong></span> <span class='ocrx_word' id='word_1_377' title='bbox 2026 1114 2120 1168; x_wconf 89' lang='lat' dir='ltr'><strong>est</strong></span> <span class='ocrx_word' id='word_1_378' title='bbox 2155 1108 2613 1187; x_wconf 79' lang='lat' dir='ltr'><strong>inseparabiliS,</strong></span> <span class='ocrx_word' id='word_1_379' title='bbox 2640 1109 2883 1170; x_wconf 86' lang='lat' dir='ltr'><strong>ratione</strong></span> <span class='ocrx_word' id='word_1_380' title='bbox 2906 1110 3003 1188; x_wconf 87' lang='lat' dir='ltr'><strong>cuj</strong></span> <span class='ocrx_word' id='word_1_381' title='bbox 3014 1129 3085 1170; x_wconf 89' lang='lat' dir='ltr'><strong>us</strong></span> <span class='ocrx_word' id='word_1_382' title='bbox 3116 1115 3294 1172; x_wconf 87' lang='lat' dir='ltr'><strong>actus</strong></span> 
     </span>
     <span class='ocr_line' id='line_1_61' title="bbox 1727 1197 3297 1282; baseline 0.004 -26"><span class='ocrx_word' id='word_1_383' title='bbox 1727 1197 1882 1275; x_wconf 89' lang='lat' dir='ltr'><strong>ipse,</strong></span> <span class='ocrx_word' id='word_1_384' title='bbox 1909 1198 2097 1258; x_wconf 91' lang='lat' dir='ltr'><strong>etiam</strong></span> <span class='ocrx_word' id='word_1_385' title='bbox 2132 1206 2198 1260; x_wconf 89' lang='lat' dir='ltr'><strong>ut</strong></span> <span class='ocrx_word' id='word_1_386' title='bbox 2224 1201 2363 1261; x_wconf 87' lang='lat' dir='ltr'><strong>talis</strong></span> <span class='ocrx_word' id='word_1_387' title='bbox 2393 1208 2568 1263; x_wconf 89' lang='lat' dir='ltr'><strong>actus</strong></span> <span class='ocrx_word' id='word_1_388' title='bbox 2596 1201 2855 1262; x_wconf 88' lang='lat' dir='ltr'><strong>moralis</strong></span> <span class='ocrx_word' id='word_1_389' title='bbox 2880 1209 2997 1275; x_wconf 89' lang='lat' dir='ltr'><strong>est,</strong></span> <span class='ocrx_word' id='word_1_390' title='bbox 3030 1209 3125 1262; x_wconf 86' lang='lat' dir='ltr'><strong>est</strong></span> <span class='ocrx_word' id='word_1_391' title='bbox 3156 1221 3297 1282; x_wconf 86' lang='lat' dir='ltr'><strong>pra-</strong></span> 
     </span>
     <span class='ocr_line' id='line_1_62' title="bbox 1725 1290 3295 1374; baseline 0.006 -26"><span class='ocrx_word' id='word_1_392' title='bbox 1725 1307 1874 1349; x_wconf 79' lang='lat' dir='ltr'><strong>vum</strong></span> <span class='ocrx_word' id='word_1_393' title='bbox 1899 1290 2239 1369; x_wconf 78' lang='lat' dir='ltr'><strong>obiectum,</strong></span> <span class='ocrx_word' id='word_1_394' title='bbox 2269 1300 2333 1355; x_wconf 90' lang='lat' dir='ltr'><strong>et</strong></span> <span class='ocrx_word' id='word_1_395' title='bbox 2350 1294 2679 1374; x_wconf 84' lang='lat' dir='ltr'><strong>indignum</strong></span> <span class='ocrx_word' id='word_1_396' title='bbox 2704 1296 2875 1374; x_wconf 90' lang='lat' dir='ltr'><strong>quod</strong></span> <span class='ocrx_word' id='word_1_397' title='bbox 2897 1297 2961 1357; x_wconf 90' lang='lat' dir='ltr'><strong>in</strong></span> <span class='ocrx_word' id='word_1_398' title='bbox 2991 1296 3295 1358; x_wconf 84' lang='lat' dir='ltr'><strong>directam</strong></span> 
     </span>
     <span class='ocr_line' id='line_1_63' title="bbox 1725 1382 3297 1470; baseline 0.006 -28"><span class='ocrx_word' id='word_1_399' title='bbox 1725 1382 1836 1442; x_wconf 89' lang='lat' dir='ltr'><strong>Dci</strong></span> <span class='ocrx_word' id='word_1_400' title='bbox 1879 1384 2265 1446; x_wconf 88' lang='lat' dir='ltr'><strong>voluntatem</strong></span> <span class='ocrx_word' id='word_1_401' title='bbox 2316 1387 2517 1448; x_wconf 86' lang='lat' dir='ltr'><strong>cadat.</strong></span> <span class='ocrx_word' id='word_1_402' title='bbox 2564 1390 2639 1449; x_wconf 84' lang='lat' dir='ltr'><strong>At</strong></span> <span class='ocrx_word' id='word_1_403' title='bbox 2669 1405 2819 1450; x_wconf 81' lang='lat' dir='ltr'><strong>vero</strong></span> <span class='ocrx_word' id='word_1_404' title='bbox 2862 1407 2976 1470; x_wconf 90' lang='lat' dir='ltr'><strong>per</strong></span> <span class='ocrx_word' id='word_1_405' title='bbox 3004 1391 3297 1452; x_wconf 86' lang='lat' dir='ltr'><strong>volunta-</strong></span> 
     </span>
     <span class='ocr_line' id='line_1_64' title="bbox 1724 1479 3296 1563; baseline 0.005 -27"><span class='ocrx_word' id='word_1_406' title='bbox 1724 1481 1854 1536; x_wconf 89' lang='lat' dir='ltr'><strong>tem</strong></span> <span class='ocrx_word' id='word_1_407' title='bbox 1877 1479 2298 1556; x_wconf 87' lang='lat' dir='ltr'><strong>permittendi,</strong></span> <span class='ocrx_word' id='word_1_408' title='bbox 2336 1480 2437 1542; x_wconf 87' lang='lat' dir='ltr'><strong>vel</strong></span> <span class='ocrx_word' id='word_1_409' title='bbox 2474 1499 2603 1542; x_wconf 89' lang='lat' dir='ltr'><strong>non</strong></span> <span class='ocrx_word' id='word_1_410' title='bbox 2635 1481 3018 1560; x_wconf 87' lang='lat' dir='ltr'><strong>impediendi</strong></span> <span class='ocrx_word' id='word_1_411' title='bbox 3072 1502 3296 1563; x_wconf 89' lang='lat' dir='ltr'><strong>pecca-</strong></span> 
     </span>
     <span class='ocr_line' id='line_1_65' title="bbox 1725 1571 3295 1656; baseline 0.007 -28"><span class='ocrx_word' id='word_1_412' title='bbox 1725 1576 1881 1641; x_wconf 90' lang='lat' dir='ltr'><strong>tum,</strong></span> <span class='ocrx_word' id='word_1_413' title='bbox 1913 1571 2013 1632; x_wconf 79' lang='lat' dir='ltr'><strong>vel</strong></span> <span class='ocrx_word' id='word_1_414' title='bbox 2042 1591 2167 1632; x_wconf 91' lang='lat' dir='ltr'><strong>non</strong></span> <span class='ocrx_word' id='word_1_415' title='bbox 2202 1573 2391 1634; x_wconf 86' lang='lat' dir='ltr'><strong>dandi</strong></span> <span class='ocrx_word' id='word_1_416' title='bbox 2435 1575 2733 1634; x_wconf 85' lang='lat' dir='ltr'><strong>auxilium</strong></span> <span class='ocrx_word' id='word_1_417' title='bbox 2765 1575 3006 1648; x_wconf 85' lang='lat' dir='ltr'><strong>efficax,</strong></span> <span class='ocrx_word' id='word_1_418' title='bbox 3037 1595 3165 1656; x_wconf 89' lang='lat' dir='ltr'><strong>quo</strong></span> <span class='ocrx_word' id='word_1_419' title='bbox 3195 1579 3295 1639; x_wconf 91' lang='lat' dir='ltr'><strong>in-</strong></span> 
     </span>
     <span class='ocr_line' id='line_1_66' title="bbox 1725 1661 3291 1750; baseline 0.007 -29"><span class='ocrx_word' id='word_1_420' title='bbox 1725 1661 2061 1724; x_wconf 87' lang='lat' dir='ltr'><strong>fallibiliter</strong></span> <span class='ocrx_word' id='word_1_421' title='bbox 2099 1666 2457 1739; x_wconf 84' lang='lat' dir='ltr'><strong>evitaretur,</strong></span> <span class='ocrx_word' id='word_1_422' title='bbox 2490 1685 2607 1747; x_wconf 89' lang='lat' dir='ltr'><strong>per</strong></span> <span class='ocrx_word' id='word_1_423' title='bbox 2634 1668 2799 1728; x_wconf 87' lang='lat' dir='ltr'><strong>hanc</strong></span> <span class='ocrx_word' id='word_1_424' title='bbox 2846 1669 3155 1750; x_wconf 90' lang='lat' dir='ltr'><strong>(inquam)</strong></span> <span class='ocrx_word' id='word_1_425' title='bbox 3182 1689 3291 1732; x_wconf 89' lang='lat' dir='ltr'><strong>vo-</strong></span> 
     </span>
     <span class='ocr_line' id='line_1_67' title="bbox 1725 1756 3290 1842; baseline 0.005 -26"><span class='ocrx_word' id='word_1_426' title='bbox 1725 1756 2031 1817; x_wconf 88' lang='lat' dir='ltr'><strong>luntatem</strong></span> <span class='ocrx_word' id='word_1_427' title='bbox 2056 1776 2183 1818; x_wconf 92' lang='lat' dir='ltr'><strong>non</strong></span> <span class='ocrx_word' id='word_1_428' title='bbox 2206 1765 2301 1820; x_wconf 90' lang='lat' dir='ltr'><strong>est</strong></span> <span class='ocrx_word' id='word_1_429' title='bbox 2319 1759 2551 1820; x_wconf 86' lang='lat' dir='ltr'><strong>directe</strong></span> <span class='ocrx_word' id='word_1_430' title='bbox 2570 1758 2797 1821; x_wconf 83' lang='lat' dir='ltr'><strong>volitus</strong></span> <span class='ocrx_word' id='word_1_431' title='bbox 2816 1768 2992 1823; x_wconf 88' lang='lat' dir='ltr'><strong>actus</strong></span> <span class='ocrx_word' id='word_1_432' title='bbox 3022 1764 3290 1842; x_wconf 88' lang='lat' dir='ltr'><strong>peccati,</strong></span> 
     </span>
     <span class='ocr_line' id='line_1_68' title="bbox 1727 1849 3295 1936; baseline 0.006 -28"><span class='ocrx_word' id='word_1_433' title='bbox 1727 1849 1840 1909; x_wconf 88' lang='lat' dir='ltr'><strong>scd</strong></span> <span class='ocrx_word' id='word_1_434' title='bbox 1895 1849 2031 1928; x_wconf 89' lang='lat' dir='ltr'><strong>ipsa</strong></span> <span class='ocrx_word' id='word_1_435' title='bbox 2077 1852 2427 1930; x_wconf 88' lang='lat' dir='ltr'><strong>permissio,</strong></span> <span class='ocrx_word' id='word_1_436' title='bbox 2471 1859 2535 1913; x_wconf 89' lang='lat' dir='ltr'><strong>et</strong></span> <span class='ocrx_word' id='word_1_437' title='bbox 2584 1871 2929 1916; x_wconf 89' lang='lat' dir='ltr'><strong>concursus</strong></span> <span class='ocrx_word' id='word_1_438' title='bbox 2979 1857 3295 1936; x_wconf 87' lang='lat' dir='ltr'><strong>generalis</strong></span> 
     </span>
     <span class='ocr_line' id='line_1_69' title="bbox 1727 1943 3292 2027; baseline 0.007 -26"><span class='ocrx_word' id='word_1_439' title='bbox 1727 1960 1933 2002; x_wconf 74' lang='lat' dir='ltr'><strong>causas</strong></span> <span class='ocrx_word' id='word_1_440' title='bbox 1964 1943 2207 2022; x_wconf 79' lang='lat' dir='ltr'><strong>primae,</strong></span> <span class='ocrx_word' id='word_1_441' title='bbox 2242 1949 2307 2004; x_wconf 91' lang='lat' dir='ltr'><strong>ut</strong></span> <span class='ocrx_word' id='word_1_442' title='bbox 2335 1945 2401 2005; x_wconf 91' lang='lat' dir='ltr'><strong>in</strong></span> <span class='ocrx_word' id='word_1_443' title='bbox 2426 1946 2629 2024; x_wconf 85' lang='lat' dir='ltr'><strong>capite</strong></span> <span class='ocrx_word' id='word_1_444' title='bbox 2656 1948 2837 2008; x_wconf 90' lang='lat' dir='ltr'><strong>tertio</strong></span> <span class='ocrx_word' id='word_1_445' title='bbox 2863 1951 3292 2027; x_wconf 75' lang='lat' dir='ltr'><strong>exposuimus·</strong></span> 
     </span>
     <span class='ocr_line' id='line_1_70' title="bbox 1728 2036 3300 2113; baseline 0.006 -17"><span class='ocrx_word' id='word_1_446' title='bbox 1728 2036 1846 2096; x_wconf 89' lang='lat' dir='ltr'><strong>Per</strong></span> <span class='ocrx_word' id='word_1_447' title='bbox 1880 2037 2044 2096; x_wconf 88' lang='lat' dir='ltr'><strong>hanc</strong></span> <span class='ocrx_word' id='word_1_448' title='bbox 2074 2043 2283 2098; x_wconf 89' lang='lat' dir='ltr'><strong>autem</strong></span> <span class='ocrx_word' id='word_1_449' title='bbox 2312 2039 2721 2113; x_wconf 88' lang='lat' dir='ltr'><strong>voluntatem,</strong></span> <span class='ocrx_word' id='word_1_450' title='bbox 2768 2059 2885 2102; x_wconf 87' lang='lat' dir='ltr'><strong>nec</strong></span> <span class='ocrx_word' id='word_1_451' title='bbox 2937 2043 3171 2105; x_wconf 86' lang='lat' dir='ltr'><strong>directe</strong></span> <span class='ocrx_word' id='word_1_452' title='bbox 3202 2051 3300 2106; x_wconf 87' lang='lat' dir='ltr'><strong>est</strong></span> 
     </span>
     <span class='ocr_line' id='line_1_71' title="bbox 1727 2128 3292 2216; baseline 0.008 -30"><span class='ocrx_word' id='word_1_453' title='bbox 1727 2128 1954 2188; x_wconf 88' lang='lat' dir='ltr'><strong>volitus</strong></span> <span class='ocrx_word' id='word_1_454' title='bbox 1988 2135 2163 2190; x_wconf 87' lang='lat' dir='ltr'><strong>actus</strong></span> <span class='ocrx_word' id='word_1_455' title='bbox 2191 2131 2416 2203; x_wconf 78' lang='lat' dir='ltr'><strong>maluS,</strong></span> <span class='ocrx_word' id='word_1_456' title='bbox 2445 2138 2514 2192; x_wconf 88' lang='lat' dir='ltr'><strong>ut</strong></span> <span class='ocrx_word' id='word_1_457' title='bbox 2540 2151 2655 2212; x_wconf 90' lang='lat' dir='ltr'><strong>per</strong></span> <span class='ocrx_word' id='word_1_458' title='bbox 2688 2151 2753 2194; x_wconf 87' lang='lat' dir='ltr'><strong>se</strong></span> <span class='ocrx_word' id='word_1_459' title='bbox 2783 2141 3049 2209; x_wconf 89' lang='lat' dir='ltr'><strong>constat,</strong></span> <span class='ocrx_word' id='word_1_460' title='bbox 3084 2155 3292 2216; x_wconf 90' lang='lat' dir='ltr'><strong>neque</strong></span> 
     </span>
     <span class='ocr_line' id='line_1_72' title="bbox 1729 2221 3297 2303; baseline 0.007 -23"><span class='ocrx_word' id='word_1_461' title='bbox 1729 2221 1917 2281; x_wconf 88' lang='lat' dir='ltr'><strong>etiam</strong></span> <span class='ocrx_word' id='word_1_462' title='bbox 1950 2221 2285 2295; x_wconf 89' lang='lat' dir='ltr'><strong>indirecte;</strong></span> <span class='ocrx_word' id='word_1_463' title='bbox 2319 2225 2467 2303; x_wconf 84' lang='lat' dir='ltr'><strong>quia</strong></span> <span class='ocrx_word' id='word_1_464' title='bbox 2510 2243 2639 2285; x_wconf 90' lang='lat' dir='ltr'><strong>non</strong></span> <span class='ocrx_word' id='word_1_465' title='bbox 2684 2231 2938 2288; x_wconf 88' lang='lat' dir='ltr'><strong>tenetur</strong></span> <span class='ocrx_word' id='word_1_466' title='bbox 2964 2229 3149 2303; x_wconf 82' lang='lat' dir='ltr'><strong>DeuS‚</strong></span> <span class='ocrx_word' id='word_1_467' title='bbox 3180 2247 3297 2293; x_wconf 86' lang='lat' dir='ltr'><strong>nec</strong></span> 
     </span>
     <span class='ocr_line' id='line_1_73' title="bbox 1727 2313 3293 2397; baseline 0.005 -23"><span class='ocrx_word' id='word_1_468' title='bbox 1727 2313 1997 2391; x_wconf 85' lang='lat' dir='ltr'><strong>pertinet</strong></span> <span class='ocrx_word' id='word_1_469' title='bbox 2046 2315 2127 2376; x_wconf 88' lang='lat' dir='ltr'><strong>ad</strong></span> <span class='ocrx_word' id='word_1_470' title='bbox 2164 2316 2301 2395; x_wconf 87' lang='lat' dir='ltr'><strong>ejus</strong></span> <span class='ocrx_word' id='word_1_471' title='bbox 2345 2317 2781 2380; x_wconf 88' lang='lat' dir='ltr'><strong>rectitudinem</strong></span> <span class='ocrx_word' id='word_1_472' title='bbox 2819 2327 2881 2380; x_wconf 91' lang='lat' dir='ltr'><strong>et</strong></span> <span class='ocrx_word' id='word_1_473' title='bbox 2924 2320 3293 2397; x_wconf 87' lang='lat' dir='ltr'><strong>bonitatem,</strong></span> 
     </span>
     <span class='ocr_line' id='line_1_74' title="bbox 1731 2407 3299 2490; baseline 0.008 -26"><span class='ocrx_word' id='word_1_474' title='bbox 1731 2407 1943 2466; x_wconf 89' lang='lat' dir='ltr'><strong>omnia</strong></span> <span class='ocrx_word' id='word_1_475' title='bbox 1996 2408 2162 2468; x_wconf 89' lang='lat' dir='ltr'><strong>mala</strong></span> <span class='ocrx_word' id='word_1_476' title='bbox 2211 2409 2540 2489; x_wconf 89' lang='lat' dir='ltr'><strong>impedire,</strong></span> <span class='ocrx_word' id='word_1_477' title='bbox 2596 2418 2705 2472; x_wconf 91' lang='lat' dir='ltr'><strong>aut</strong></span> <span class='ocrx_word' id='word_1_478' title='bbox 2735 2413 3099 2490; x_wconf 81' lang='lat' dir='ltr'><strong>generalem</strong></span> <span class='ocrx_word' id='word_1_479' title='bbox 3154 2435 3299 2476; x_wconf 89' lang='lat' dir='ltr'><strong>con·</strong></span> 
     </span>
     <span class='ocr_line' id='line_1_75' title="bbox 1732 2501 3300 2580; baseline 0.007 -21"><span class='ocrx_word' id='word_1_480' title='bbox 1732 2518 1983 2560; x_wconf 86' lang='lat' dir='ltr'><strong>cursum</strong></span> <span class='ocrx_word' id='word_1_481' title='bbox 2015 2501 2329 2580; x_wconf 86' lang='lat' dir='ltr'><strong>denegare</strong></span> <span class='ocrx_word' id='word_1_482' title='bbox 2350 2521 2431 2564; x_wconf 89' lang='lat' dir='ltr'><strong>ne</strong></span> <span class='ocrx_word' id='word_1_483' title='bbox 2463 2503 2637 2576; x_wconf 74' lang='lat' dir='ltr'><strong>fiant.</strong></span> <span class='ocrx_word' id='word_1_484' title='bbox 2672 2506 2804 2566; x_wconf 89' lang='lat' dir='ltr'><strong>Imo</strong></span> <span class='ocrx_word' id='word_1_485' title='bbox 2840 2526 2965 2568; x_wconf 91' lang='lat' dir='ltr'><strong>non</strong></span> <span class='ocrx_word' id='word_1_486' title='bbox 2998 2509 3203 2569; x_wconf 88' lang='lat' dir='ltr'><strong>solum</strong></span> <span class='ocrx_word' id='word_1_487' title='bbox 3234 2510 3300 2570; x_wconf 90' lang='lat' dir='ltr'><strong>in</strong></span> 
     </span>
     <span class='ocr_line' id='line_1_76' title="bbox 1730 2593 3301 2680; baseline 0.006 -28"><span class='ocrx_word' id='word_1_488' title='bbox 1730 2593 1882 2665; x_wconf 91' lang='lat' dir='ltr'><strong>De0,</strong></span> <span class='ocrx_word' id='word_1_489' title='bbox 1921 2594 2032 2655; x_wconf 90' lang='lat' dir='ltr'><strong>sed</strong></span> <span class='ocrx_word' id='word_1_490' title='bbox 2058 2595 2247 2654; x_wconf 88' lang='lat' dir='ltr'><strong>etiam</strong></span> <span class='ocrx_word' id='word_1_491' title='bbox 2276 2596 2625 2658; x_wconf 84' lang='lat' dir='ltr'><strong>inhomine</strong></span> <span class='ocrx_word' id='word_1_492' title='bbox 2660 2598 3131 2680; x_wconf 88' lang='lat' dir='ltr'><strong>distinguuntur</strong></span> <span class='ocrx_word' id='word_1_493' title='bbox 3160 2619 3301 2662; x_wconf 86' lang='lat' dir='ltr'><strong>ma-</strong></span> 
     </span>
     <span class='ocr_line' id='line_1_77' title="bbox 1729 2686 3301 2774; baseline 0.006 -28"><span class='ocrx_word' id='word_1_494' title='bbox 1729 2686 1895 2748; x_wconf 85' lang='lat' dir='ltr'><strong>xime</strong></span> <span class='ocrx_word' id='word_1_495' title='bbox 1946 2688 2069 2748; x_wconf 85' lang='lat' dir='ltr'><strong>illae</strong></span> <span class='ocrx_word' id='word_1_496' title='bbox 2109 2689 2249 2749; x_wconf 83' lang='lat' dir='ltr'><strong>duae</strong></span> <span class='ocrx_word' id='word_1_497' title='bbox 2296 2691 2669 2765; x_wconf 86' lang='lat' dir='ltr'><strong>voluntates,</strong></span> <span class='ocrx_word' id='word_1_498' title='bbox 2719 2699 3009 2774; x_wconf 86' lang='lat' dir='ltr'><strong>utsupra</strong></span> <span class='ocrx_word' id='word_1_499' title='bbox 3061 2701 3301 2758; x_wconf 88' lang='lat' dir='ltr'><strong>tactum</strong></span> 
     </span>
     <span class='ocr_line' id='line_1_78' title="bbox 1733 2785 3303 2867; baseline 0.008 -28"><span class='ocrx_word' id='word_1_500' title='bbox 1733 2786 1863 2853; x_wconf 88' lang='lat' dir='ltr'><strong>est;</strong></span> <span class='ocrx_word' id='word_1_501' title='bbox 1909 2801 2167 2860; x_wconf 90' lang='lat' dir='ltr'><strong>possum</strong></span> <span class='ocrx_word' id='word_1_502' title='bbox 2206 2785 2375 2843; x_wconf 89' lang='lat' dir='ltr'><strong>enim</strong></span> <span class='ocrx_word' id='word_1_503' title='bbox 2424 2803 2543 2862; x_wconf 87' lang='lat' dir='ltr'><strong>ego</strong></span> <span class='ocrx_word' id='word_1_504' title='bbox 2592 2803 2721 2846; x_wconf 91' lang='lat' dir='ltr'><strong>non</strong></span> <span class='ocrx_word' id='word_1_505' title='bbox 2759 2787 3064 2867; x_wconf 90' lang='lat' dir='ltr'><strong>impedire</strong></span> <span class='ocrx_word' id='word_1_506' title='bbox 3114 2791 3303 2852; x_wconf 87' lang='lat' dir='ltr'><strong>intor-</strong></span> 
     </span>
     <span class='ocr_line' id='line_1_79' title="bbox 1731 2873 3301 2953; baseline 0.008 -20"><span class='ocrx_word' id='word_1_507' title='bbox 1731 2873 1882 2933; x_wconf 89' lang='lat' dir='ltr'><strong>dum</strong></span> <span class='ocrx_word' id='word_1_508' title='bbox 1902 2881 2231 2953; x_wconf 87' lang='lat' dir='ltr'><strong>peccatum</strong></span> <span class='ocrx_word' id='word_1_509' title='bbox 2261 2877 2517 2937; x_wconf 86' lang='lat' dir='ltr'><strong>alterius</strong></span> <span class='ocrx_word' id='word_1_510' title='bbox 2544 2877 2837 2953; x_wconf 77' lang='lat' dir='ltr'><strong>hominiS,</strong></span> <span class='ocrx_word' id='word_1_511' title='bbox 2867 2883 3107 2943; x_wconf 85' lang='lat' dir='ltr'><strong>etiamsi</strong></span> <span class='ocrx_word' id='word_1_512' title='bbox 3130 2891 3301 2945; x_wconf 86' lang='lat' dir='ltr'><strong>certo</strong></span> 
     </span>
     <span class='ocr_line' id='line_1_80' title="bbox 1732 2967 3298 3048; baseline 0.006 -22"><span class='ocrx_word' id='word_1_513' title='bbox 1732 2967 1926 3026; x_wconf 88' lang='lat' dir='ltr'><strong>sciam</strong></span> <span class='ocrx_word' id='word_1_514' title='bbox 1968 2967 2245 3028; x_wconf 85' lang='lat' dir='ltr'><strong>futurum</strong></span> <span class='ocrx_word' id='word_1_515' title='bbox 2282 2988 2419 3030; x_wconf 88' lang='lat' dir='ltr'><strong>esse</strong></span> <span class='ocrx_word' id='word_1_516' title='bbox 2451 2975 2518 3030; x_wconf 90' lang='lat' dir='ltr'><strong>ut</strong></span> <span class='ocrx_word' id='word_1_517' title='bbox 2553 2970 2708 3032; x_wconf 92' lang='lat' dir='ltr'><strong>illud</strong></span> <span class='ocrx_word' id='word_1_518' title='bbox 2752 2975 3131 3048; x_wconf 88' lang='lat' dir='ltr'><strong>committat;</strong></span> <span class='ocrx_word' id='word_1_519' title='bbox 3166 2994 3298 3036; x_wconf 90' lang='lat' dir='ltr'><strong>non</strong></span> 
     </span>
     <span class='ocr_line' id='line_1_81' title="bbox 1730 3062 3299 3140; baseline 0.008 -21"><span class='ocrx_word' id='word_1_520' title='bbox 1730 3065 1943 3121; x_wconf 88' lang='lat' dir='ltr'><strong>tamen</strong></span> <span class='ocrx_word' id='word_1_521' title='bbox 1972 3079 2227 3140; x_wconf 89' lang='lat' dir='ltr'><strong>possum</strong></span> <span class='ocrx_word' id='word_1_522' title='bbox 2258 3062 2494 3125; x_wconf 86' lang='lat' dir='ltr'><strong>directa</strong></span> <span class='ocrx_word' id='word_1_523' title='bbox 2536 3065 2869 3131; x_wconf 67' lang='lat' dir='ltr'><strong>,voluntate</strong></span> <span class='ocrx_word' id='word_1_524' title='bbox 2918 3068 3079 3130; x_wconf 81' lang='lat' dir='ltr'><strong>velle</strong></span> <span class='ocrx_word' id='word_1_525' title='bbox 3114 3075 3183 3130; x_wconf 89' lang='lat' dir='ltr'><strong>ut</strong></span> <span class='ocrx_word' id='word_1_526' title='bbox 3230 3069 3299 3129; x_wconf 88' lang='lat' dir='ltr'><strong>in</strong></span> 
     </span>
     <span class='ocr_line' id='line_1_82' title="bbox 1729 3153 3296 3240; baseline 0.007 -28"><span class='ocrx_word' id='word_1_527' title='bbox 1729 3153 1885 3214; x_wconf 89' lang='lat' dir='ltr'><strong>illud</strong></span> <span class='ocrx_word' id='word_1_528' title='bbox 1913 3154 2164 3215; x_wconf 87' lang='lat' dir='ltr'><strong>incidat.</strong></span> <span class='ocrx_word' id='word_1_529' title='bbox 2210 3156 2519 3236; x_wconf 87' lang='lat' dir='ltr'><strong>Respectu</strong></span> <span class='ocrx_word' id='word_1_530' title='bbox 2570 3159 2758 3219; x_wconf 91' lang='lat' dir='ltr'><strong>etiam</strong></span> <span class='ocrx_word' id='word_1_531' title='bbox 2801 3161 2997 3240; x_wconf 86' lang='lat' dir='ltr'><strong>ipsius</strong></span> <span class='ocrx_word' id='word_1_532' title='bbox 3041 3162 3296 3223; x_wconf 81' lang='lat' dir='ltr'><strong>malitiae</strong></span> 
     </span>
     <span class='ocr_line' id='line_1_83' title="bbox 1729 3246 3298 3327; baseline 0.006 -20"><span class='ocrx_word' id='word_1_533' title='bbox 1729 3246 2008 3307; x_wconf 86' lang='lat' dir='ltr'><strong>formalis</strong></span> <span class='ocrx_word' id='word_1_534' title='bbox 2044 3248 2306 3327; x_wconf 84' lang='lat' dir='ltr'><strong>peccati,</strong></span> <span class='ocrx_word' id='word_1_535' title='bbox 2364 3256 2457 3310; x_wconf 88' lang='lat' dir='ltr'><strong>est</strong></span> <span class='ocrx_word' id='word_1_536' title='bbox 2488 3250 2552 3311; x_wconf 92' lang='lat' dir='ltr'><strong>id</strong></span> <span class='ocrx_word' id='word_1_537' title='bbox 2579 3251 3139 3315; x_wconf 84' lang='lat' dir='ltr'><strong>evidentissimum.</strong></span> <span class='ocrx_word' id='word_1_538' title='bbox 3181 3256 3298 3316; x_wconf 89' lang='lat' dir='ltr'><strong>Po-</strong></span> 
     </span>
     <span class='ocr_line' id='line_1_84' title="bbox 1729 3340 3302 3425; baseline 0.006 -25"><span class='ocrx_word' id='word_1_539' title='bbox 1729 3345 1853 3401; x_wconf 89' lang='lat' dir='ltr'><strong>test</strong></span> <span class='ocrx_word' id='word_1_540' title='bbox 1907 3340 2077 3401; x_wconf 92' lang='lat' dir='ltr'><strong>enim</strong></span> <span class='ocrx_word' id='word_1_541' title='bbox 2113 3342 2277 3403; x_wconf 88' lang='lat' dir='ltr'><strong>Deus</strong></span> <span class='ocrx_word' id='word_1_542' title='bbox 2316 3344 2475 3405; x_wconf 80' lang='lat' dir='ltr'><strong>velle</strong></span> <span class='ocrx_word' id='word_1_543' title='bbox 2532 3344 2699 3406; x_wconf 90' lang='lat' dir='ltr'><strong>illam</strong></span> <span class='ocrx_word' id='word_1_544' title='bbox 2743 3347 3131 3425; x_wconf 84' lang='lat' dir='ltr'><strong>permittere,</strong></span> <span class='ocrx_word' id='word_1_545' title='bbox 3192 3351 3302 3408; x_wconf 87' lang='lat' dir='ltr'><strong>aut</strong></span> 
     </span>
     <span class='ocr_line' id='line_1_85' title="bbox 1730 3434 3303 3516; baseline 0.006 -23"><span class='ocrx_word' id='word_1_546' title='bbox 1730 3452 1860 3495; x_wconf 90' lang='lat' dir='ltr'><strong>non</strong></span> <span class='ocrx_word' id='word_1_547' title='bbox 1883 3434 2189 3514; x_wconf 89' lang='lat' dir='ltr'><strong>impedire</strong></span> <span class='ocrx_word' id='word_1_548' title='bbox 2212 3454 2227 3509; x_wconf 90' lang='lat'><strong>;</strong></span> <span class='ocrx_word' id='word_1_549' title='bbox 2250 3453 2379 3497; x_wconf 89' lang='lat' dir='ltr'><strong>non</strong></span> <span class='ocrx_word' id='word_1_550' title='bbox 2402 3440 2609 3516; x_wconf 89' lang='lat' dir='ltr'><strong>potest</strong></span> <span class='ocrx_word' id='word_1_551' title='bbox 2636 3443 2847 3499; x_wconf 91' lang='lat' dir='ltr'><strong>autem</strong></span> <span class='ocrx_word' id='word_1_552' title='bbox 2872 3440 3043 3500; x_wconf 90' lang='lat' dir='ltr'><strong>illam</strong></span> <span class='ocrx_word' id='word_1_553' title='bbox 3066 3441 3303 3503; x_wconf 85' lang='lat' dir='ltr'><strong>directe</strong></span> 
     </span>
     <span class='ocr_line' id='line_1_86' title="bbox 1730 3526 3303 3607; baseline 0.006 -21"><span class='ocrx_word' id='word_1_554' title='bbox 1730 3526 1916 3601; x_wconf 85' lang='lat' dir='ltr'><strong>velle,</strong></span> <span class='ocrx_word' id='word_1_555' title='bbox 1953 3528 2122 3607; x_wconf 91' lang='lat' dir='ltr'><strong>quod</strong></span> <span class='ocrx_word' id='word_1_556' title='bbox 2158 3547 2377 3590; x_wconf 84' lang='lat' dir='ltr'><strong>revera</strong></span> <span class='ocrx_word' id='word_1_557' title='bbox 2429 3537 2595 3592; x_wconf 88' lang='lat' dir='ltr'><strong>esset</strong></span> <span class='ocrx_word' id='word_1_558' title='bbox 2622 3549 2835 3593; x_wconf 89' lang='lat' dir='ltr'><strong>amare</strong></span> <span class='ocrx_word' id='word_1_559' title='bbox 2885 3533 3077 3594; x_wconf 90' lang='lat' dir='ltr'><strong>illam.</strong></span> <span class='ocrx_word' id='word_1_560' title='bbox 3112 3535 3303 3595; x_wconf 89' lang='lat' dir='ltr'><strong>Deni-</strong></span> 
     </span>
     <span class='ocr_line' id='line_1_87' title="bbox 1732 3624 3301 3705; baseline 0.005 -25"><span class='ocrx_word' id='word_1_561' title='bbox 1732 3638 1880 3699; x_wconf 76' lang='lat' dir='ltr'><strong>que,</strong></span> <span class='ocrx_word' id='word_1_562' title='bbox 1912 3627 1981 3681; x_wconf 89' lang='lat' dir='ltr'><strong>ut</strong></span> <span class='ocrx_word' id='word_1_563' title='bbox 2016 3640 2205 3702; x_wconf 88' lang='lat' dir='ltr'><strong>supra</strong></span> <span class='ocrx_word' id='word_1_564' title='bbox 2254 3624 2443 3685; x_wconf 86' lang='lat' dir='ltr'><strong>etiam</strong></span> <span class='ocrx_word' id='word_1_565' title='bbox 2472 3624 2784 3700; x_wconf 87' lang='lat' dir='ltr'><strong>dicebam,</strong></span> <span class='ocrx_word' id='word_1_566' title='bbox 2814 3627 2985 3705; x_wconf 92' lang='lat' dir='ltr'><strong>prior</strong></span> <span class='ocrx_word' id='word_1_567' title='bbox 3008 3628 3301 3688; x_wconf 82' lang='lat' dir='ltr'><strong>voluntas</strong></span> 
     </span>
     <span class='ocr_line' id='line_1_88' title="bbox 1732 3715 3301 3797; baseline 0.004 -22"><span class='ocrx_word' id='word_1_568' title='bbox 1732 3715 2131 3793; x_wconf 86' lang='lat' dir='ltr'><strong>permittendi</strong></span> <span class='ocrx_word' id='word_1_569' title='bbox 2150 3722 2211 3777; x_wconf 89' lang='lat' dir='ltr'><strong>et</strong></span> <span class='ocrx_word' id='word_1_570' title='bbox 2235 3718 2647 3778; x_wconf 89' lang='lat' dir='ltr'><strong>concurrendi</strong></span> <span class='ocrx_word' id='word_1_571' title='bbox 2672 3719 2942 3797; x_wconf 89' lang='lat' dir='ltr'><strong>pertinet</strong></span> <span class='ocrx_word' id='word_1_572' title='bbox 2961 3720 3043 3780; x_wconf 87' lang='lat' dir='ltr'><strong>ad</strong></span> <span class='ocrx_word' id='word_1_573' title='bbox 3067 3738 3301 3781; x_wconf 90' lang='lat' dir='ltr'><strong>munus</strong></span> 
     </span>
     <span class='ocr_line' id='line_1_89' title="bbox 1733 3804 3303 3890; baseline 0.004 -23"><span class='ocrx_word' id='word_1_574' title='bbox 1733 3808 1951 3887; x_wconf 82' lang='lat' dir='ltr'><strong>primae</strong></span> <span class='ocrx_word' id='word_1_575' title='bbox 1982 3826 2211 3883; x_wconf 85' lang='lat' dir='ltr'><strong>causae,</strong></span> <span class='ocrx_word' id='word_1_576' title='bbox 2238 3804 2312 3870; x_wconf 81' lang='lat' dir='ltr'><strong>&#39;et</strong></span> <span class='ocrx_word' id='word_1_577' title='bbox 2340 3810 2406 3870; x_wconf 92' lang='lat' dir='ltr'><strong>in</strong></span> <span class='ocrx_word' id='word_1_578' title='bbox 2428 3810 2673 3889; x_wconf 87' lang='lat' dir='ltr'><strong>objecto</strong></span> <span class='ocrx_word' id='word_1_579' title='bbox 2706 3812 2991 3890; x_wconf 85' lang='lat' dir='ltr'><strong>proximo</strong></span> <span class='ocrx_word' id='word_1_580' title='bbox 3018 3832 3145 3874; x_wconf 93' lang='lat' dir='ltr'><strong>non</strong></span> <span class='ocrx_word' id='word_1_581' title='bbox 3188 3816 3303 3875; x_wconf 87' lang='lat' dir='ltr'><strong>ha-</strong></span> 
     </span>
     <span class='ocr_line' id='line_1_90' title="bbox 1733 3902 3303 3985; baseline 0.005 -24"><span class='ocrx_word' id='word_1_582' title='bbox 1733 3902 1836 3963; x_wconf 86' lang='lat' dir='ltr'><strong>bet</strong></span> <span class='ocrx_word' id='word_1_583' title='bbox 1857 3902 2339 3977; x_wconf 84' lang='lat' dir='ltr'><strong>deformitatem,</strong></span> <span class='ocrx_word' id='word_1_584' title='bbox 2363 3922 2477 3965; x_wconf 89' lang='lat' dir='ltr'><strong>nec</strong></span> <span class='ocrx_word' id='word_1_585' title='bbox 2496 3906 2979 3985; x_wconf 85' lang='lat' dir='ltr'><strong>repugnantiam</strong></span> <span class='ocrx_word' id='word_1_586' title='bbox 3000 3925 3145 3967; x_wconf 91' lang='lat' dir='ltr'><strong>cum</strong></span> <span class='ocrx_word' id='word_1_587' title='bbox 3166 3924 3303 3969; x_wconf 82' lang='lat' dir='ltr'><strong>rec-</strong></span> 
     </span>
     <span class='ocr_line' id='line_1_91' title="bbox 1733 3996 3298 4077; baseline 0.002 -20"><span class='ocrx_word' id='word_1_588' title='bbox 1733 4000 1798 4057; x_wconf 79' lang='lat' dir='ltr'><strong>ta</strong></span> <span class='ocrx_word' id='word_1_589' title='bbox 1825 3996 2102 4069; x_wconf 86' lang='lat' dir='ltr'><strong>ratione;</strong></span> <span class='ocrx_word' id='word_1_590' title='bbox 2158 3998 2465 4075; x_wconf 88' lang='lat' dir='ltr'><strong>posterior</strong></span> <span class='ocrx_word' id='word_1_591' title='bbox 2502 4016 2651 4059; x_wconf 81' lang='lat' dir='ltr'><strong>vero</strong></span> <span class='ocrx_word' id='word_1_592' title='bbox 2681 4016 2889 4077; x_wconf 88' lang='lat' dir='ltr'><strong>neque</strong></span> <span class='ocrx_word' id='word_1_593' title='bbox 2944 3999 3026 4059; x_wconf 90' lang='lat' dir='ltr'><strong>ad</strong></span> <span class='ocrx_word' id='word_1_594' title='bbox 3066 4018 3298 4061; x_wconf 90' lang='lat' dir='ltr'><strong>munus</strong></span> 
     </span>
     <span class='ocr_line' id='line_1_92' title="bbox 1733 4092 3301 4171; baseline 0.004 -22"><span class='ocrx_word' id='word_1_595' title='bbox 1733 4092 1951 4169; x_wconf 83' lang='lat' dir='ltr'><strong>primae</strong></span> <span class='ocrx_word' id='word_1_596' title='bbox 1983 4108 2187 4151; x_wconf 84' lang='lat' dir='ltr'><strong>causae</strong></span> <span class='ocrx_word' id='word_1_597' title='bbox 2218 4092 2570 4151; x_wconf 82' lang='lat' dir='ltr'><strong>necessaria</strong></span> <span class='ocrx_word' id='word_1_598' title='bbox 2600 4096 2717 4166; x_wconf 86' lang='lat' dir='ltr'><strong>est,</strong></span> <span class='ocrx_word' id='word_1_599' title='bbox 2749 4110 2959 4171; x_wconf 87' lang='lat' dir='ltr'><strong>neque</strong></span> <span class='ocrx_word' id='word_1_600' title='bbox 2980 4093 3171 4154; x_wconf 87' lang='lat' dir='ltr'><strong>habet</strong></span> <span class='ocrx_word' id='word_1_601' title='bbox 3192 4094 3301 4156; x_wconf 91' lang='lat' dir='ltr'><strong>ob-</strong></span> 
     </span>
     <span class='ocr_line' id='line_1_93' title="bbox 1728 4183 3303 4262; baseline 0.003 -18"><span class='ocrx_word' id='word_1_602' title='bbox 1728 4184 1971 4262; x_wconf 80' lang='lat' dir='ltr'><strong>jectum</strong></span> <span class='ocrx_word' id='word_1_603' title='bbox 1999 4202 2113 4262; x_wconf 87' lang='lat' dir='ltr'><strong>per</strong></span> <span class='ocrx_word' id='word_1_604' title='bbox 2146 4202 2213 4245; x_wconf 88' lang='lat' dir='ltr'><strong>se</strong></span> <span class='ocrx_word' id='word_1_605' title='bbox 2246 4183 2500 4259; x_wconf 75' lang='lat' dir='ltr'><strong>decena,</strong></span> <span class='ocrx_word' id='word_1_606' title='bbox 2542 4192 2652 4246; x_wconf 87' lang='lat' dir='ltr'><strong>aut</strong></span> <span class='ocrx_word' id='word_1_607' title='bbox 2691 4192 3186 4247; x_wconf 86' lang='lat' dir='ltr'><strong>consentaneum</strong></span> <span class='ocrx_word' id='word_1_608' title='bbox 3212 4186 3303 4247; x_wconf 88' lang='lat' dir='ltr'><strong>di-</strong></span> 
     </span>
     <span class='ocr_line' id='line_1_94' title="bbox 1735 4275 3301 4350; baseline 0.003 -13"><span class='ocrx_word' id='word_1_609' title='bbox 1735 4276 1896 4337; x_wconf 77' lang='lat' dir='ltr'><strong>vinae</strong></span> <span class='ocrx_word' id='word_1_610' title='bbox 1952 4275 2234 4350; x_wconf 88' lang='lat' dir='ltr'><strong>bonitati,</strong></span> <span class='ocrx_word' id='word_1_611' title='bbox 2286 4283 2349 4339; x_wconf 87' lang='lat' dir='ltr'><strong>et</strong></span> <span class='ocrx_word' id='word_1_612' title='bbox 2384 4278 2525 4341; x_wconf 90' lang='lat' dir='ltr'><strong>ideo</strong></span> <span class='ocrx_word' id='word_1_613' title='bbox 2572 4278 2639 4339; x_wconf 89' lang='lat' dir='ltr'><strong>in</strong></span> <span class='ocrx_word' id='word_1_614' title='bbox 2677 4279 2878 4339; x_wconf 88' lang='lat' dir='ltr'><strong>Deum</strong></span> <span class='ocrx_word' id='word_1_615' title='bbox 2914 4280 3141 4343; x_wconf 89' lang='lat' dir='ltr'><strong>cadere</strong></span> <span class='ocrx_word' id='word_1_616' title='bbox 3169 4298 3301 4343; x_wconf 89' lang='lat' dir='ltr'><strong>non</strong></span> 
     </span>
     <span class='ocr_line' id='line_1_95' title="bbox 1737 4374 1963 4449; baseline 0.004 -20"><span class='ocrx_word' id='word_1_617' title='bbox 1737 4374 1963 4449; x_wconf 86' lang='lat' dir='ltr'><strong>potest.</strong></span> 
     </span>
    </p>

    <p class='ocr_par' dir='ltr' id='par_1_8' title="bbox 1741 4464 3315 5295">
     <span class='ocr_line' id='line_1_96' title="bbox 1820 4464 3303 4551; baseline 0.005 -26"><span class='ocrx_word' id='word_1_618' title='bbox 1820 4468 1921 4527; x_wconf 69' lang='lat'><strong>20.</strong></span> <span class='ocrx_word' id='word_1_619' title='bbox 1976 4464 2281 4538; x_wconf 76' lang='lat' dir='ltr'><strong>Quatenus</strong></span> <span class='ocrx_word' id='word_1_620' title='bbox 2309 4466 2673 4549; x_wconf 80' lang='lat' dir='ltr'><strong>complaceat</strong></span> <span class='ocrx_word' id='word_1_621' title='bbox 2695 4470 2861 4532; x_wconf 75' lang='lat' dir='ltr'><strong>Dm</strong></span> <span class='ocrx_word' id='word_1_622' title='bbox 2878 4469 2949 4531; x_wconf 75' lang='lat' dir='ltr'><strong>in</strong></span> <span class='ocrx_word' id='word_1_623' title='bbox 2976 4474 3119 4533; x_wconf 75' lang='lat' dir='ltr'><strong>actu</strong></span> <span class='ocrx_word' id='word_1_624' title='bbox 3166 4487 3303 4551; x_wconf 80' lang='lat' dir='ltr'><strong>pee-</strong></span> 
     </span>
     <span class='ocr_line' id='line_1_97' title="bbox 1743 4558 3310 4640; baseline 0.001 -19"><span class='ocrx_word' id='word_1_625' title='bbox 1743 4560 1888 4631; x_wconf 85' lang='lat' dir='ltr'><strong>eati,</strong></span> <span class='ocrx_word' id='word_1_626' title='bbox 1915 4564 2058 4638; x_wconf 76' lang='lat' dir='ltr'><strong>post</strong></span> <span class='ocrx_word' id='word_1_627' title='bbox 2078 4558 2501 4640; x_wconf 71' lang='lat' dir='ltr'><strong>proevisionem</strong></span> <span class='ocrx_word' id='word_1_628' title='bbox 2524 4559 2722 4623; x_wconf 71' lang='lat' dir='ltr'><strong>illim.</strong></span> <span class='ocrx_word' id='word_1_629' title='bbox 2744 4594 2827 4607; x_wconf 89' lang='lat'>—</span> <span class='ocrx_word' id='word_1_630' title='bbox 2844 4562 3023 4623; x_wconf 91' lang='lat' dir='ltr'><strong>Unde</strong></span> <span class='ocrx_word' id='word_1_631' title='bbox 3049 4562 3310 4623; x_wconf 88' lang='lat' dir='ltr'><strong>tandem</strong></span> 
     </span>
     <span class='ocr_line' id='line_1_98' title="bbox 1742 4646 3312 4733; baseline 0.003 -21"><span class='ocrx_word' id='word_1_632' title='bbox 1742 4651 2070 4723; x_wconf 89' lang='lat' dir='ltr'><strong>concludo,</strong></span> <span class='ocrx_word' id='word_1_633' title='bbox 2102 4670 2231 4712; x_wconf 91' lang='lat' dir='ltr'><strong>non</strong></span> <span class='ocrx_word' id='word_1_634' title='bbox 2266 4654 2467 4713; x_wconf 90' lang='lat' dir='ltr'><strong>solum</strong></span> <span class='ocrx_word' id='word_1_635' title='bbox 2498 4671 2625 4713; x_wconf 91' lang='lat' dir='ltr'><strong>non</strong></span> <span class='ocrx_word' id='word_1_636' title='bbox 2650 4654 2957 4733; x_wconf 80' lang='lat' dir='ltr'><strong>praefinire</strong></span> <span class='ocrx_word' id='word_1_637' title='bbox 2988 4656 3185 4716; x_wconf 85' lang='lat' dir='ltr'><strong>Deum</strong></span> <span class='ocrx_word' id='word_1_638' title='bbox 3209 4646 3312 4716; x_wconf 80' lang='lat' dir='ltr'><strong>a&#39;c-</strong></span> 
     </span>
     <span class='ocr_line' id='line_1_99' title="bbox 1741 4746 3314 4825; baseline 0.004 -20"><span class='ocrx_word' id='word_1_639' title='bbox 1741 4750 1841 4805; x_wconf 85' lang='lat' dir='ltr'><strong>tus</strong></span> <span class='ocrx_word' id='word_1_640' title='bbox 1866 4749 2293 4823; x_wconf 86' lang='lat' dir='ltr'><strong>peecatorum,</strong></span> <span class='ocrx_word' id='word_1_641' title='bbox 2328 4746 2697 4825; x_wconf 86' lang='lat' dir='ltr'><strong>priusquam</strong></span> <span class='ocrx_word' id='word_1_642' title='bbox 2734 4747 2945 4809; x_wconf 86' lang='lat' dir='ltr'><strong>videat</strong></span> <span class='ocrx_word' id='word_1_643' title='bbox 2969 4748 3111 4809; x_wconf 86' lang='lat' dir='ltr'><strong>illos</strong></span> <span class='ocrx_word' id='word_1_644' title='bbox 3138 4747 3314 4811; x_wconf 86' lang='lat' dir='ltr'><strong>futu-</strong></span> 
     </span>
     <span class='ocr_line' id='line_1_100' title="bbox 1741 4837 3311 4920; baseline 0.004 -23"><span class='ocrx_word' id='word_1_645' title='bbox 1741 4856 1867 4911; x_wconf 78' lang='lat' dir='ltr'><strong>roS,</strong></span> <span class='ocrx_word' id='word_1_646' title='bbox 1899 4838 2013 4899; x_wconf 84' lang='lat' dir='ltr'><strong>sed</strong></span> <span class='ocrx_word' id='word_1_647' title='bbox 2036 4837 2247 4911; x_wconf 87' lang='lat' dir='ltr'><strong>etiam,</strong></span> <span class='ocrx_word' id='word_1_648' title='bbox 2296 4844 2628 4917; x_wconf 87' lang='lat' dir='ltr'><strong>postquam</strong></span> <span class='ocrx_word' id='word_1_649' title='bbox 2650 4840 2787 4901; x_wconf 89' lang='lat' dir='ltr'><strong>illos</strong></span> <span class='ocrx_word' id='word_1_650' title='bbox 2816 4842 3134 4920; x_wconf 64' lang='lat' dir='ltr'><strong>praevidet,</strong></span> <span class='ocrx_word' id='word_1_651' title='bbox 3180 4850 3311 4904; x_wconf 86' lang='lat' dir='ltr'><strong>non</strong></span> 
     </span>
     <span class='ocr_line' id='line_1_101' title="bbox 1741 4930 3313 5014; baseline 0.003 -23"><span class='ocrx_word' id='word_1_652' title='bbox 1741 4932 1977 4993; x_wconf 88' lang='lat' dir='ltr'><strong>habere</strong></span> <span class='ocrx_word' id='word_1_653' title='bbox 2020 4930 2405 4993; x_wconf 86' lang='lat' dir='ltr'><strong>voluntatem</strong></span> <span class='ocrx_word' id='word_1_654' title='bbox 2456 4932 2828 5008; x_wconf 84' lang='lat' dir='ltr'><strong>absolutam,</strong></span> <span class='ocrx_word' id='word_1_655' title='bbox 2898 4953 3023 5014; x_wconf 89' lang='lat' dir='ltr'><strong>qua</strong></span> <span class='ocrx_word' id='word_1_656' title='bbox 3080 4935 3145 4995; x_wconf 88' lang='lat' dir='ltr'><strong>in</strong></span> <span class='ocrx_word' id='word_1_657' title='bbox 3188 4935 3313 4997; x_wconf 88' lang='lat' dir='ltr'><strong>illis</strong></span> 
     </span>
     <span class='ocr_line' id='line_1_102' title="bbox 1745 5025 3314 5105; baseline 0.003 -19"><span class='ocrx_word' id='word_1_658' title='bbox 1745 5026 2134 5105; x_wconf 88' lang='lat' dir='ltr'><strong>complaceat</strong></span> <span class='ocrx_word' id='word_1_659' title='bbox 2157 5025 2517 5104; x_wconf 88' lang='lat' dir='ltr'><strong>simpliciter</strong></span> <span class='ocrx_word' id='word_1_660' title='bbox 2544 5030 2607 5087; x_wconf 81' lang='lat' dir='ltr'><strong>et</strong></span> <span class='ocrx_word' id='word_1_661' title='bbox 2632 5028 2939 5102; x_wconf 88' lang='lat' dir='ltr'><strong>absolute,</strong></span> <span class='ocrx_word' id='word_1_662' title='bbox 2964 5029 3077 5090; x_wconf 88' lang='lat' dir='ltr'><strong>sed</strong></span> <span class='ocrx_word' id='word_1_663' title='bbox 3106 5029 3314 5089; x_wconf 88' lang='lat' dir='ltr'><strong>solum</strong></span> 
     </span>
     <span class='ocr_line' id='line_1_103' title="bbox 1747 5120 3315 5203; baseline 0.003 -22"><span class='ocrx_word' id='word_1_664' title='bbox 1747 5127 2059 5200; x_wconf 89' lang='lat' dir='ltr'><strong>quatenus</strong></span> <span class='ocrx_word' id='word_1_665' title='bbox 2088 5120 2167 5181; x_wconf 92' lang='lat' dir='ltr'><strong>ab</strong></span> <span class='ocrx_word' id='word_1_666' title='bbox 2194 5120 2331 5199; x_wconf 88' lang='lat' dir='ltr'><strong>ipso</strong></span> <span class='ocrx_word' id='word_1_667' title='bbox 2373 5128 2655 5196; x_wconf 88' lang='lat' dir='ltr'><strong>manant,</strong></span> <span class='ocrx_word' id='word_1_668' title='bbox 2712 5130 2777 5185; x_wconf 87' lang='lat' dir='ltr'><strong>et</strong></span> <span class='ocrx_word' id='word_1_669' title='bbox 2802 5124 2883 5185; x_wconf 89' lang='lat' dir='ltr'><strong>ad</strong></span> <span class='ocrx_word' id='word_1_670' title='bbox 2912 5124 3169 5203; x_wconf 86' lang='lat' dir='ltr'><strong>aliquod</strong></span> <span class='ocrx_word' id='word_1_671' title='bbox 3206 5124 3315 5185; x_wconf 89' lang='lat' dir='ltr'><strong>bo·</strong></span> 
     </span>
     <span class='ocr_line' id='line_1_104' title="bbox 1747 5214 3310 5295; baseline 0.001 -21"><span class='ocrx_word' id='word_1_672' title='bbox 1747 5232 1901 5274; x_wconf 90' lang='lat' dir='ltr'><strong>num</strong></span> <span class='ocrx_word' id='word_1_673' title='bbox 1953 5214 2346 5274; x_wconf 87' lang='lat' dir='ltr'><strong>efficiendum</strong></span> <span class='ocrx_word' id='word_1_674' title='bbox 2383 5215 2697 5277; x_wconf 89' lang='lat' dir='ltr'><strong>deservire</strong></span> <span class='ocrx_word' id='word_1_675' title='bbox 2726 5222 3010 5295; x_wconf 87' lang='lat' dir='ltr'><strong>possunt.</strong></span> <span class='ocrx_word' id='word_1_676' title='bbox 3066 5218 3310 5294; x_wconf 85' lang='lat' dir='ltr'><strong>Itaque,</strong></span> 
     </span>
    </p>
   </div>
   <div class='ocr_carea' id='block_1_7' title="bbox 137 5306 3324 5671">
    <p class='ocr_par' dir='ltr' id='par_1_9' title="bbox 137 5306 3324 5671">
     <span class='ocr_line' id='line_1_105' title="bbox 137 5306 3318 5393; baseline 0.001 -26"><span class='ocrx_word' id='word_1_677' title='bbox 137 5336 204 5351; x_wconf 83' lang='lat'>—</span> <span class='ocrx_word' id='word_1_678' title='bbox 227 5310 414 5388; x_wconf 78' lang='lat' dir='ltr'><strong>Atque</strong></span> <span class='ocrx_word' id='word_1_679' title='bbox 435 5313 584 5374; x_wconf 87' lang='lat' dir='ltr'><strong>hinc</strong></span> <span class='ocrx_word' id='word_1_680' title='bbox 610 5313 874 5374; x_wconf 88' lang='lat' dir='ltr'><strong>ulterius</strong></span> <span class='ocrx_word' id='word_1_681' title='bbox 905 5312 1234 5393; x_wconf 86' lang='lat' dir='ltr'><strong>colligitur,</strong></span> <span class='ocrx_word' id='word_1_682' title='bbox 1264 5330 1382 5372; x_wconf 89' lang='lat' dir='ltr'><strong>nec</strong></span> <span class='ocrx_word' id='word_1_683' title='bbox 1409 5310 1668 5389; x_wconf 86' lang='lat' dir='ltr'><strong>physice</strong></span> <span class='ocrx_word' id='word_1_684' title='bbox 1755 5306 2013 5387; x_wconf 70' lang='lat' dir='ltr'><strong>praeviso</strong></span> <span class='ocrx_word' id='word_1_685' title='bbox 2040 5306 2252 5368; x_wconf 84' lang='lat' dir='ltr'><strong>futuro</strong></span> <span class='ocrx_word' id='word_1_686' title='bbox 2276 5315 2555 5387; x_wconf 85' lang='lat' dir='ltr'><strong>peceato,</strong></span> <span class='ocrx_word' id='word_1_687' title='bbox 2582 5310 2929 5389; x_wconf 88' lang='lat' dir='ltr'><strong>complacet</strong></span> <span class='ocrx_word' id='word_1_688' title='bbox 2956 5310 3123 5371; x_wconf 89' lang='lat' dir='ltr'><strong>Deus</strong></span> <span class='ocrx_word' id='word_1_689' title='bbox 3146 5310 3210 5370; x_wconf 83' lang='lat' dir='ltr'><strong>in</strong></span> <span class='ocrx_word' id='word_1_690' title='bbox 3241 5327 3318 5370; x_wconf 87' lang='lat' dir='ltr'><strong>eo</strong></span> 
     </span>
     <span class='ocr_line' id='line_1_106' title="bbox 137 5399 3318 5485; baseline 0.001 -26"><span class='ocrx_word' id='word_1_691' title='bbox 137 5418 236 5461; x_wconf 83' lang='lat' dir='ltr'><strong>nce</strong></span> <span class='ocrx_word' id='word_1_692' title='bbox 253 5406 560 5468; x_wconf 88' lang='lat' dir='ltr'><strong>moraliter</strong></span> <span class='ocrx_word' id='word_1_693' title='bbox 573 5408 947 5485; x_wconf 74' lang='lat' dir='ltr'><strong>aequivalere</strong></span> <span class='ocrx_word' id='word_1_694' title='bbox 965 5407 1072 5467; x_wconf 90' lang='lat' dir='ltr'><strong>illa</strong></span> <span class='ocrx_word' id='word_1_695' title='bbox 1087 5406 1236 5477; x_wconf 90' lang='lat' dir='ltr'><strong>duo,</strong></span> <span class='ocrx_word' id='word_1_696' title='bbox 1256 5405 1510 5481; x_wconf 86' lang='lat' dir='ltr'><strong>scilicet,</strong></span> <span class='ocrx_word' id='word_1_697' title='bbox 1541 5404 1674 5465; x_wconf 83' lang='lat' dir='ltr'><strong>vel·</strong></span> <span class='ocrx_word' id='word_1_698' title='bbox 1753 5418 2085 5474; x_wconf 87' lang='lat' dir='ltr'><strong>concursu,</strong></span> <span class='ocrx_word' id='word_1_699' title='bbox 2120 5418 2305 5479; x_wconf 86' lang='lat' dir='ltr'><strong>quem</strong></span> <span class='ocrx_word' id='word_1_700' title='bbox 2322 5399 2403 5461; x_wconf 89' lang='lat' dir='ltr'><strong>ad</strong></span> <span class='ocrx_word' id='word_1_701' title='bbox 2426 5401 2579 5462; x_wconf 88' lang='lat' dir='ltr'><strong>illud</strong></span> <span class='ocrx_word' id='word_1_702' title='bbox 2602 5402 2859 5481; x_wconf 83' lang='lat' dir='ltr'><strong>praebet,</strong></span> <span class='ocrx_word' id='word_1_703' title='bbox 2894 5403 3039 5480; x_wconf 89' lang='lat' dir='ltr'><strong>quia</strong></span> <span class='ocrx_word' id='word_1_704' title='bbox 3060 5402 3229 5480; x_wconf 86' lang='lat' dir='ltr'><strong>juste</strong></span> <span class='ocrx_word' id='word_1_705' title='bbox 3254 5407 3318 5463; x_wconf 87' lang='lat' dir='ltr'><strong>ct</strong></span> 
     </span>
     <span class='ocr_line' id='line_1_107' title="bbox 141 5492 3323 5579; baseline 0.002 -29"><span class='ocrx_word' id='word_1_706' title='bbox 141 5492 188 5552; x_wconf 85' lang='lat' dir='ltr'><strong>lc</strong></span> <span class='ocrx_word' id='word_1_707' title='bbox 207 5496 518 5560; x_wconf 84' lang='lat' dir='ltr'><strong>efficaciter</strong></span> <span class='ocrx_word' id='word_1_708' title='bbox 532 5500 637 5560; x_wconf 80' lang='lat' dir='ltr'><strong>vel</strong></span> <span class='ocrx_word' id='word_1_709' title='bbox 659 5499 1044 5579; x_wconf 80' lang='lat' dir='ltr'><strong>praedefinire</strong></span> <span class='ocrx_word' id='word_1_710' title='bbox 1061 5504 1270 5561; x_wconf 88' lang='lat' dir='ltr'><strong>actum</strong></span> <span class='ocrx_word' id='word_1_711' title='bbox 1304 5498 1542 5577; x_wconf 88' lang='lat' dir='ltr'><strong>peccati</strong></span> <span class='ocrx_word' id='word_1_712' title='bbox 1566 5542 1582 5571; x_wconf 94' lang='lat'><strong>‚</strong></span> <span class='ocrx_word' id='word_1_713' title='bbox 1612 5501 1677 5557; x_wconf 89' lang='lat' dir='ltr'><strong>et</strong></span> <span class='ocrx_word' id='word_1_714' title='bbox 1757 5494 2099 5575; x_wconf 85' lang='lat' dir='ltr'><strong>prudenter</strong></span> <span class='ocrx_word' id='word_1_715' title='bbox 2139 5494 2353 5554; x_wconf 87' lang='lat' dir='ltr'><strong>datum</strong></span> <span class='ocrx_word' id='word_1_716' title='bbox 2398 5514 2535 5556; x_wconf 88' lang='lat' dir='ltr'><strong>esse</strong></span> <span class='ocrx_word' id='word_1_717' title='bbox 2564 5496 2903 5572; x_wconf 87' lang='lat' dir='ltr'><strong>cognoscit.</strong></span> <span class='ocrx_word' id='word_1_718' title='bbox 2963 5494 3323 5573; x_wconf 88' lang='lat' dir='ltr'><strong>Complacet</strong></span> 
     </span>
     <span class='ocr_line' id='line_1_108' title="bbox 143 5587 3324 5671; baseline 0.003 -28"><span class='ocrx_word' id='word_1_719' title='bbox 143 5587 476 5663; x_wconf 84' lang='lat' dir='ltr'><strong>permittere</strong></span> <span class='ocrx_word' id='word_1_720' title='bbox 505 5591 705 5666; x_wconf 87' lang='lat' dir='ltr'><strong>illum,</strong></span> <span class='ocrx_word' id='word_1_721' title='bbox 753 5594 946 5655; x_wconf 82' lang='lat' dir='ltr'><strong>etiam</strong></span> <span class='ocrx_word' id='word_1_722' title='bbox 986 5611 1130 5655; x_wconf 89' lang='lat' dir='ltr'><strong>cum</strong></span> <span class='ocrx_word' id='word_1_723' title='bbox 1163 5590 1556 5671; x_wconf 76' lang='lat' dir='ltr'><strong>praescientia</strong></span> <span class='ocrx_word' id='word_1_724' title='bbox 1583 5590 1678 5650; x_wconf 85' lang='lat' dir='ltr'><strong>in·</strong></span> <span class='ocrx_word' id='word_1_725' title='bbox 1757 5588 2071 5648; x_wconf 87' lang='lat' dir='ltr'><strong>interdum</strong></span> <span class='ocrx_word' id='word_1_726' title='bbox 2114 5588 2175 5647; x_wconf 90' lang='lat' dir='ltr'><strong>in</strong></span> <span class='ocrx_word' id='word_1_727' title='bbox 2212 5588 2377 5648; x_wconf 91' lang='lat' dir='ltr'><strong>bono</strong></span> <span class='ocrx_word' id='word_1_728' title='bbox 2428 5588 2671 5663; x_wconf 85' lang='lat' dir='ltr'><strong>effectu,</strong></span> <span class='ocrx_word' id='word_1_729' title='bbox 2704 5604 2896 5666; x_wconf 89' lang='lat' dir='ltr'><strong>quem</strong></span> <span class='ocrx_word' id='word_1_730' title='bbox 2932 5606 3007 5649; x_wconf 84' lang='lat' dir='ltr'><strong>ex</strong></span> <span class='ocrx_word' id='word_1_731' title='bbox 3040 5588 3145 5647; x_wconf 81' lang='lat' dir='ltr'><strong>tali</strong></span> <span class='ocrx_word' id='word_1_732' title='bbox 3176 5596 3324 5651; x_wconf 87' lang='lat' dir='ltr'><strong>actu</strong></span> 
     </span>
    </p>
   </div>
  </div>
 </body>
</html>
