<?xml version="1.0" encoding="UTF-8"?>
<!DOCTYPE html PUBLIC "-//W3C//DTD XHTML 1.0 Transitional//EN"
    "http://www.w3.org/TR/xhtml1/DTD/xhtml1-transitional.dtd">
<html xmlns="http://www.w3.org/1999/xhtml" xml:lang="en" lang="en">
 <head>
  <title>
</title>
<meta http-equiv="Content-Type" content="text/html;charset=utf-8" />
  <meta name='ocr-system' content='tesseract 3.04.00' />
  <meta name='ocr-capabilities' content='ocr_page ocr_carea ocr_par ocr_line ocrx_word'/>
</head>
<body>
  <div class='ocr_page' id='page_1' title='image "./rpfranciscisuar01duvagoog_0425.png"; bbox 0 0 3850 6225; ppageno 0'>
   <div class='ocr_carea' id='block_1_1' title="bbox 736 435 2862 503">
    <p class='ocr_par' dir='ltr' id='par_1_1' title="bbox 736 435 2862 503">
     <span class='ocr_line' id='line_1_1' title="bbox 736 435 2862 503; baseline 0 -11"><span class='ocrx_word' id='word_1_1' title='bbox 736 438 906 493; x_wconf 70' lang='lat' dir='ltr'>sEcT.</span> <span class='ocrx_word' id='word_1_2' title='bbox 941 438 982 493; x_wconf 89' lang='lat'>1.</span> <span class='ocrx_word' id='word_1_3' title='bbox 1017 438 1102 492; x_wconf 76' lang='lat' dir='ltr'>AN</span> <span class='ocrx_word' id='word_1_4' title='bbox 1133 436 1509 493; x_wconf 64' lang='lat' dir='ltr'>Nscssssrras</span> <span class='ocrx_word' id='word_1_5' title='bbox 1539 435 1750 501; x_wconf 69' lang='lat' dir='ltr'>Quom</span> <span class='ocrx_word' id='word_1_6' title='bbox 1781 435 2333 491; x_wconf 68' lang='lat' dir='ltr'>srssclrlcumnssu</span> <span class='ocrx_word' id='word_1_7' title='bbox 2364 438 2425 491; x_wconf 77' lang='lat' dir='ltr'>m</span> <span class='ocrx_word' id='word_1_8' title='bbox 2458 438 2691 503; x_wconf 72' lang='lat' dir='ltr'>mvm,</span> <span class='ocrx_word' id='word_1_9' title='bbox 2726 438 2862 493; x_wconf 68' lang='lat' dir='ltr'>HC.</span> 
     </span>
    </p>
   </div>
   <div class='ocr_carea' id='block_1_2' title="bbox 169 539 1769 5678">
    <p class='ocr_par' dir='ltr' id='par_1_2' title="bbox 171 539 1759 1745">
     <span class='ocr_line' id='line_1_2' title="bbox 175 539 1757 621; baseline 0 -18"><span class='ocrx_word' id='word_1_10' title='bbox 175 539 308 603; x_wconf 87' lang='lat' dir='ltr'>nisi</span> <span class='ocrx_word' id='word_1_11' title='bbox 334 540 687 603; x_wconf 89' lang='lat' dir='ltr'>secundum</span> <span class='ocrx_word' id='word_1_12' title='bbox 714 542 990 621; x_wconf 82' lang='lat' dir='ltr'>aliquam</span> <span class='ocrx_word' id='word_1_13' title='bbox 1003 542 1317 603; x_wconf 89' lang='lat' dir='ltr'>rationem</span> <span class='ocrx_word' id='word_1_14' title='bbox 1335 540 1604 617; x_wconf 81' lang='lat' dir='ltr'>honesti,</span> <span class='ocrx_word' id='word_1_15' title='bbox 1631 559 1757 619; x_wconf 92' lang='lat' dir='ltr'>quo</span> 
     </span>
     <span class='ocr_line' id='line_1_3' title="bbox 179 634 1758 717; baseline 0 -21"><span class='ocrx_word' id='word_1_16' title='bbox 179 652 382 697; x_wconf 87' lang='lat' dir='ltr'>sensu</span> <span class='ocrx_word' id='word_1_17' title='bbox 419 637 484 696; x_wconf 88' lang='lat' dir='ltr'>in</span> <span class='ocrx_word' id='word_1_18' title='bbox 521 634 734 698; x_wconf 80' lang='lat' dir='ltr'>divina</span> <span class='ocrx_word' id='word_1_19' title='bbox 762 638 1082 717; x_wconf 83' lang='lat' dir='ltr'>Scriptura</span> <span class='ocrx_word' id='word_1_20' title='bbox 1113 654 1335 698; x_wconf 89' lang='lat' dir='ltr'>omnes</span> <span class='ocrx_word' id='word_1_21' title='bbox 1365 637 1482 697; x_wconf 63' lang='lat' dir='ltr'>vias</span> <span class='ocrx_word' id='word_1_22' title='bbox 1514 636 1758 697; x_wconf 88' lang='lat' dir='ltr'><strong>Domini</strong></span> 
     </span>
     <span class='ocr_line' id='line_1_4' title="bbox 171 730 1759 811; baseline 0.001 -21"><span class='ocrx_word' id='word_1_23' title='bbox 171 730 370 811; x_wconf 68' lang='lat' dir='ltr'>justae</span> <span class='ocrx_word' id='word_1_24' title='bbox 413 734 476 791; x_wconf 88' lang='lat' dir='ltr'>et</span> <span class='ocrx_word' id='word_1_25' title='bbox 513 736 701 792; x_wconf 84' lang='lat' dir='ltr'>rectae</span> <span class='ocrx_word' id='word_1_26' title='bbox 749 732 1062 794; x_wconf 89' lang='lat' dir='ltr'>dicuntur.</span> <span class='ocrx_word' id='word_1_27' title='bbox 1101 733 1176 793; x_wconf 88' lang='lat' dir='ltr'>Et</span> <span class='ocrx_word' id='word_1_28' title='bbox 1217 732 1336 793; x_wconf 91' lang='lat' dir='ltr'>hoc</span> <span class='ocrx_word' id='word_1_29' title='bbox 1371 730 1562 791; x_wconf 90' lang='lat' dir='ltr'>modo</span> <span class='ocrx_word' id='word_1_30' title='bbox 1607 730 1759 791; x_wconf 85' lang='lat' dir='ltr'>dixit</span> 
     </span>
     <span class='ocr_line' id='line_1_5' title="bbox 177 825 1756 906; baseline -0.001 -20"><span class='ocrx_word' id='word_1_31' title='bbox 177 827 257 886; x_wconf 83' lang='lat' dir='ltr'>D.</span> <span class='ocrx_word' id='word_1_32' title='bbox 307 825 612 899; x_wconf 88' lang='lat' dir='ltr'>Thomas,</span> <span class='ocrx_word' id='word_1_33' title='bbox 659 844 874 905; x_wconf 87' lang='lat' dir='ltr'>supra,</span> <span class='ocrx_word' id='word_1_34' title='bbox 931 826 1313 906; x_wconf 88' lang='lat' dir='ltr'>impossibile</span> <span class='ocrx_word' id='word_1_35' title='bbox 1367 844 1506 887; x_wconf 88' lang='lat' dir='ltr'>esse</span> <span class='ocrx_word' id='word_1_36' title='bbox 1556 826 1756 887; x_wconf 91' lang='lat' dir='ltr'>Deum</span> 
     </span>
     <span class='ocr_line' id='line_1_6' title="bbox 177 918 1752 998; baseline -0.001 -19"><span class='ocrx_word' id='word_1_37' title='bbox 177 919 376 993; x_wconf 72' lang='lat' dir='ltr'>velle,</span> <span class='ocrx_word' id='word_1_38' title='bbox 409 918 530 979; x_wconf 90' lang='lat' dir='ltr'>nisi</span> <span class='ocrx_word' id='word_1_39' title='bbox 573 919 744 997; x_wconf 86' lang='lat' dir='ltr'>quod</span> <span class='ocrx_word' id='word_1_40' title='bbox 787 920 944 980; x_wconf 88' lang='lat' dir='ltr'>ratio</span> <span class='ocrx_word' id='word_1_41' title='bbox 996 937 1124 981; x_wconf 79' lang='lat' dir='ltr'>suoe</span> <span class='ocrx_word' id='word_1_42' title='bbox 1172 920 1494 998; x_wconf 85' lang='lat' dir='ltr'>sapientiae</span> <span class='ocrx_word' id='word_1_43' title='bbox 1539 918 1752 991; x_wconf 87' lang='lat' dir='ltr'>habet,</span> 
     </span>
     <span class='ocr_line' id='line_1_7' title="bbox 180 1010 1758 1094; baseline 0 -21"><span class='ocrx_word' id='word_1_44' title='bbox 180 1030 333 1092; x_wconf 76' lang='lat' dir='ltr'>quae</span> <span class='ocrx_word' id='word_1_45' title='bbox 365 1010 621 1093; x_wconf 86' lang='lat' dir='ltr'>quidem</span> <span class='ocrx_word' id='word_1_46' title='bbox 656 1019 751 1074; x_wconf 88' lang='lat' dir='ltr'>cst</span> <span class='ocrx_word' id='word_1_47' title='bbox 785 1013 944 1074; x_wconf 86' lang='lat' dir='ltr'>sicut</span> <span class='ocrx_word' id='word_1_48' title='bbox 973 1014 1074 1075; x_wconf 83' lang='lat' dir='ltr'>lex</span> <span class='ocrx_word' id='word_1_49' title='bbox 1094 1014 1374 1094; x_wconf 60' lang='lat' dir='ltr'>justitiae,</span> <span class='ocrx_word' id='word_1_50' title='bbox 1409 1011 1758 1074; x_wconf 88' lang='lat' dir='ltr'>secundum</span> 
     </span>
     <span class='ocr_line' id='line_1_8' title="bbox 183 1105 1757 1187; baseline 0.001 -22"><span class='ocrx_word' id='word_1_51' title='bbox 183 1124 386 1187; x_wconf 86' lang='lat' dir='ltr'>quam</span> <span class='ocrx_word' id='word_1_52' title='bbox 418 1106 703 1167; x_wconf 79' lang='lat' dir='ltr'>voluntas</span> <span class='ocrx_word' id='word_1_53' title='bbox 741 1107 878 1187; x_wconf 89' lang='lat' dir='ltr'>ejus</span> <span class='ocrx_word' id='word_1_54' title='bbox 905 1110 1075 1169; x_wconf 86' lang='lat' dir='ltr'>recta</span> <span class='ocrx_word' id='word_1_55' title='bbox 1105 1113 1220 1168; x_wconf 89' lang='lat' dir='ltr'>est.</span> <span class='ocrx_word' id='word_1_56' title='bbox 1255 1106 1354 1169; x_wconf 91' lang='lat' dir='ltr'>Sic</span> <span class='ocrx_word' id='word_1_57' title='bbox 1393 1106 1579 1167; x_wconf 87' lang='lat' dir='ltr'>etiam</span> <span class='ocrx_word' id='word_1_58' title='bbox 1609 1105 1757 1167; x_wconf 89' lang='lat' dir='ltr'>dicit</span> 
     </span>
     <span class='ocr_line' id='line_1_9' title="bbox 183 1200 1756 1281; baseline -0.001 -21"><span class='ocrx_word' id='word_1_59' title='bbox 183 1200 549 1275; x_wconf 73' lang='lat' dir='ltr'>AnselmuS,</span> <span class='ocrx_word' id='word_1_60' title='bbox 577 1200 643 1260; x_wconf 89' lang='lat' dir='ltr'>in</span> <span class='ocrx_word' id='word_1_61' title='bbox 667 1200 1012 1279; x_wconf 86' lang='lat' dir='ltr'>Prosolog.,</span> <span class='ocrx_word' id='word_1_62' title='bbox 1041 1202 1244 1281; x_wconf 90' lang='lat' dir='ltr'>capite</span> <span class='ocrx_word' id='word_1_63' title='bbox 1271 1200 1538 1277; x_wconf 82' lang='lat' dir='ltr'>decimo,</span> <span class='ocrx_word' id='word_1_64' title='bbox 1555 1201 1756 1261; x_wconf 86' lang='lat' dir='ltr'>Deum</span> 
     </span>
     <span class='ocr_line' id='line_1_10' title="bbox 175 1294 1756 1374; baseline -0.001 -21"><span class='ocrx_word' id='word_1_65' title='bbox 175 1294 434 1373; x_wconf 86' lang='lat' dir='ltr'>justum</span> <span class='ocrx_word' id='word_1_66' title='bbox 481 1311 640 1365; x_wconf 88' lang='lat' dir='ltr'>esse,</span> <span class='ocrx_word' id='word_1_67' title='bbox 692 1294 842 1373; x_wconf 90' lang='lat' dir='ltr'>quia</span> <span class='ocrx_word' id='word_1_68' title='bbox 887 1294 1032 1355; x_wconf 82' lang='lat' dir='ltr'>facit</span> <span class='ocrx_word' id='word_1_69' title='bbox 1073 1294 1244 1374; x_wconf 91' lang='lat' dir='ltr'>quod</span> <span class='ocrx_word' id='word_1_70' title='bbox 1286 1294 1466 1355; x_wconf 88' lang='lat' dir='ltr'>decet</span> <span class='ocrx_word' id='word_1_71' title='bbox 1512 1310 1756 1353; x_wconf 88' lang='lat' dir='ltr'>summe</span> 
     </span>
     <span class='ocr_line' id='line_1_11' title="bbox 179 1386 1758 1459; baseline -0.001 -13"><span class='ocrx_word' id='word_1_72' title='bbox 179 1386 429 1447; x_wconf 88' lang='lat' dir='ltr'>bonum</span> <span class='ocrx_word' id='word_1_73' title='bbox 453 1403 470 1459; x_wconf 91' lang='lat'>;</span> <span class='ocrx_word' id='word_1_74' title='bbox 496 1386 687 1459; x_wconf 88' lang='lat' dir='ltr'>unde,</span> <span class='ocrx_word' id='word_1_75' title='bbox 716 1405 858 1447; x_wconf 91' lang='lat' dir='ltr'>cum</span> <span class='ocrx_word' id='word_1_76' title='bbox 887 1389 1055 1450; x_wconf 91' lang='lat' dir='ltr'>Deus</span> <span class='ocrx_word' id='word_1_77' title='bbox 1081 1404 1325 1448; x_wconf 88' lang='lat' dir='ltr'>summe</span> <span class='ocrx_word' id='word_1_78' title='bbox 1345 1387 1550 1448; x_wconf 88' lang='lat' dir='ltr'>bonus</span> <span class='ocrx_word' id='word_1_79' title='bbox 1577 1391 1640 1446; x_wconf 90' lang='lat' dir='ltr'>et</span> <span class='ocrx_word' id='word_1_80' title='bbox 1663 1403 1758 1445; x_wconf 90' lang='lat' dir='ltr'>sa·</span> 
     </span>
     <span class='ocr_line' id='line_1_12' title="bbox 181 1479 1758 1559; baseline -0.001 -21"><span class='ocrx_word' id='word_1_81' title='bbox 181 1480 376 1559; x_wconf 89' lang='lat' dir='ltr'>piens</span> <span class='ocrx_word' id='word_1_82' title='bbox 408 1479 508 1555; x_wconf 85' lang='lat' dir='ltr'>sit,</span> <span class='ocrx_word' id='word_1_83' title='bbox 558 1481 640 1541; x_wconf 87' lang='lat' dir='ltr'>ab</span> <span class='ocrx_word' id='word_1_84' title='bbox 683 1480 802 1541; x_wconf 88' lang='lat' dir='ltr'>hac</span> <span class='ocrx_word' id='word_1_85' title='bbox 849 1481 1218 1542; x_wconf 77' lang='lat' dir='ltr'>rectitudine</span> <span class='ocrx_word' id='word_1_86' title='bbox 1264 1480 1578 1541; x_wconf 88' lang='lat' dir='ltr'>declinare</span> <span class='ocrx_word' id='word_1_87' title='bbox 1629 1496 1758 1537; x_wconf 91' lang='lat' dir='ltr'>non</span> 
     </span>
     <span class='ocr_line' id='line_1_13' title="bbox 179 1573 1756 1655; baseline -0.001 -21"><span class='ocrx_word' id='word_1_88' title='bbox 179 1579 432 1653; x_wconf 87' lang='lat' dir='ltr'>potest;</span> <span class='ocrx_word' id='word_1_89' title='bbox 465 1582 526 1636; x_wconf 88' lang='lat' dir='ltr'>et</span> <span class='ocrx_word' id='word_1_90' title='bbox 551 1574 617 1635; x_wconf 94' lang='lat' dir='ltr'>in</span> <span class='ocrx_word' id='word_1_91' title='bbox 645 1574 764 1635; x_wconf 90' lang='lat' dir='ltr'>hoc</span> <span class='ocrx_word' id='word_1_92' title='bbox 793 1575 1074 1637; x_wconf 85' lang='lat' dir='ltr'>consistit</span> <span class='ocrx_word' id='word_1_93' title='bbox 1101 1574 1392 1655; x_wconf 80' lang='lat' dir='ltr'>praedicta</span> <span class='ocrx_word' id='word_1_94' title='bbox 1417 1573 1756 1635; x_wconf 77' lang='lat' dir='ltr'>necessitas</span> 
     </span>
     <span class='ocr_line' id='line_1_14' title="bbox 181 1667 981 1745; baseline 0.001 -18"><span class='ocrx_word' id='word_1_95' title='bbox 181 1667 406 1745; x_wconf 88' lang='lat' dir='ltr'>quoad</span> <span class='ocrx_word' id='word_1_96' title='bbox 432 1668 981 1745; x_wconf 85' lang='lat' dir='ltr'>specificationem.</span> 
     </span>
    </p>

    <p class='ocr_par' dir='ltr' id='par_1_3' title="bbox 169 1761 1769 5678">
     <span class='ocr_line' id='line_1_15' title="bbox 267 1761 1752 1844; baseline -0.001 -23"><span class='ocrx_word' id='word_1_97' title='bbox 267 1763 332 1821; x_wconf 89' lang='lat'>6.</span> <span class='ocrx_word' id='word_1_98' title='bbox 381 1762 542 1823; x_wconf 74' lang='lat' dir='ltr'>Deus</span> <span class='ocrx_word' id='word_1_99' title='bbox 570 1762 818 1823; x_wconf 60' lang='lat' dir='ltr'>mentiri</span> <span class='ocrx_word' id='word_1_100' title='bbox 841 1778 962 1823; x_wconf 76' lang='lat' dir='ltr'>non</span> <span class='ocrx_word' id='word_1_101' title='bbox 981 1765 1200 1844; x_wconf 71' lang='lat' dir='ltr'>potest.</span> <span class='ocrx_word' id='word_1_102' title='bbox 1225 1765 1522 1841; x_wconf 83' lang='lat' dir='ltr'>—Atque</span> <span class='ocrx_word' id='word_1_103' title='bbox 1553 1781 1628 1823; x_wconf 84' lang='lat' dir='ltr'>ex</span> <span class='ocrx_word' id='word_1_104' title='bbox 1650 1761 1752 1821; x_wconf 89' lang='lat' dir='ltr'>illa</span> 
     </span>
     <span class='ocr_line' id='line_1_16' title="bbox 186 1856 1760 1937; baseline 0.001 -22"><span class='ocrx_word' id='word_1_105' title='bbox 186 1856 605 1935; x_wconf 82' lang='lat' dir='ltr'>generalitate</span> <span class='ocrx_word' id='word_1_106' title='bbox 634 1856 859 1935; x_wconf 87' lang='lat' dir='ltr'>objecti</span> <span class='ocrx_word' id='word_1_107' title='bbox 890 1857 1336 1919; x_wconf 86' lang='lat' dir='ltr'>descendendo</span> <span class='ocrx_word' id='word_1_108' title='bbox 1364 1857 1446 1918; x_wconf 90' lang='lat' dir='ltr'>ad</span> <span class='ocrx_word' id='word_1_109' title='bbox 1484 1857 1760 1937; x_wconf 85' lang='lat' dir='ltr'>particu-</span> 
     </span>
     <span class='ocr_line' id='line_1_17' title="bbox 179 1948 1760 2027; baseline 0.001 -18"><span class='ocrx_word' id='word_1_110' title='bbox 179 1950 372 2021; x_wconf 84' lang='lat' dir='ltr'>laria,</span> <span class='ocrx_word' id='word_1_111' title='bbox 406 1966 546 2027; x_wconf 80' lang='lat' dir='ltr'>quae</span> <span class='ocrx_word' id='word_1_112' title='bbox 577 1948 734 2009; x_wconf 90' lang='lat' dir='ltr'>illud</span> <span class='ocrx_word' id='word_1_113' title='bbox 782 1950 900 2011; x_wconf 85' lang='lat' dir='ltr'>sub</span> <span class='ocrx_word' id='word_1_114' title='bbox 953 1951 1178 2012; x_wconf 89' lang='lat' dir='ltr'>eadem</span> <span class='ocrx_word' id='word_1_115' title='bbox 1205 1952 1446 2012; x_wconf 86' lang='lat' dir='ltr'>ratione</span> <span class='ocrx_word' id='word_1_116' title='bbox 1494 1968 1608 2012; x_wconf 88' lang='lat' dir='ltr'>seu</span> <span class='ocrx_word' id='word_1_117' title='bbox 1655 1968 1760 2011; x_wconf 89' lang='lat' dir='ltr'>ne·</span> 
     </span>
     <span class='ocr_line' id='line_1_18' title="bbox 181 2042 1759 2125; baseline 0.001 -22"><span class='ocrx_word' id='word_1_118' title='bbox 181 2043 482 2103; x_wconf 82' lang='lat' dir='ltr'><strong>cessitate</strong></span> <span class='ocrx_word' id='word_1_119' title='bbox 511 2042 854 2119; x_wconf 82' lang='lat' dir='ltr'>includant,</span> <span class='ocrx_word' id='word_1_120' title='bbox 902 2044 1126 2105; x_wconf 89' lang='lat' dir='ltr'>eadem</span> <span class='ocrx_word' id='word_1_121' title='bbox 1153 2046 1497 2107; x_wconf 82' lang='lat' dir='ltr'>necessitas</span> <span class='ocrx_word' id='word_1_122' title='bbox 1550 2042 1759 2125; x_wconf 90' lang='lat' dir='ltr'>quoad</span> 
     </span>
     <span class='ocr_line' id='line_1_19' title="bbox 181 2134 1754 2215; baseline 0.001 -19"><span class='ocrx_word' id='word_1_123' title='bbox 181 2134 722 2215; x_wconf 83' lang='lat' dir='ltr'>specificationem</span> <span class='ocrx_word' id='word_1_124' title='bbox 767 2137 832 2197; x_wconf 89' lang='lat' dir='ltr'>in</span> <span class='ocrx_word' id='word_1_125' title='bbox 873 2138 964 2199; x_wconf 88' lang='lat' dir='ltr'>eis</span> <span class='ocrx_word' id='word_1_126' title='bbox 1007 2138 1340 2200; x_wconf 87' lang='lat' dir='ltr'>invenitur.</span> <span class='ocrx_word' id='word_1_127' title='bbox 1383 2138 1542 2201; x_wconf 85' lang='lat' dir='ltr'>Hinc</span> <span class='ocrx_word' id='word_1_128' title='bbox 1585 2138 1754 2199; x_wconf 90' lang='lat' dir='ltr'>enim</span> 
     </span>
     <span class='ocr_line' id='line_1_20' title="bbox 181 2230 1754 2309; baseline 0.001 -18"><span class='ocrx_word' id='word_1_129' title='bbox 181 2237 283 2291; x_wconf 85' lang='lat' dir='ltr'>est</span> <span class='ocrx_word' id='word_1_130' title='bbox 309 2236 406 2303; x_wconf 87' lang='lat' dir='ltr'>ut,</span> <span class='ocrx_word' id='word_1_131' title='bbox 439 2230 488 2290; x_wconf 91' lang='lat' dir='ltr'>si</span> <span class='ocrx_word' id='word_1_132' title='bbox 517 2232 684 2290; x_wconf 90' lang='lat' dir='ltr'>Deus</span> <span class='ocrx_word' id='word_1_133' title='bbox 711 2230 882 2309; x_wconf 90' lang='lat' dir='ltr'>loqui</span> <span class='ocrx_word' id='word_1_134' title='bbox 913 2231 1066 2303; x_wconf 84' lang='lat' dir='ltr'>vult,</span> <span class='ocrx_word' id='word_1_135' title='bbox 1095 2232 1454 2293; x_wconf 89' lang='lat' dir='ltr'>necessario</span> <span class='ocrx_word' id='word_1_136' title='bbox 1481 2231 1631 2293; x_wconf 82' lang='lat' dir='ltr'>velit</span> <span class='ocrx_word' id='word_1_137' title='bbox 1651 2250 1754 2292; x_wconf 80' lang='lat' dir='ltr'>ve-</span> 
     </span>
     <span class='ocr_line' id='line_1_21' title="bbox 179 2321 1753 2403; baseline 0.001 -20"><span class='ocrx_word' id='word_1_138' title='bbox 179 2340 332 2383; x_wconf 88' lang='lat' dir='ltr'>rum</span> <span class='ocrx_word' id='word_1_139' title='bbox 366 2321 598 2396; x_wconf 84' lang='lat' dir='ltr'>dicere,</span> <span class='ocrx_word' id='word_1_140' title='bbox 631 2340 748 2385; x_wconf 88' lang='lat' dir='ltr'>nec</span> <span class='ocrx_word' id='word_1_141' title='bbox 787 2323 1038 2384; x_wconf 85' lang='lat' dir='ltr'>mentiri</span> <span class='ocrx_word' id='word_1_142' title='bbox 1066 2324 1283 2402; x_wconf 84' lang='lat' dir='ltr'>possit,</span> <span class='ocrx_word' id='word_1_143' title='bbox 1313 2324 1460 2403; x_wconf 89' lang='lat' dir='ltr'>quia</span> <span class='ocrx_word' id='word_1_144' title='bbox 1490 2324 1753 2386; x_wconf 89' lang='lat' dir='ltr'>menda-</span> 
     </span>
     <span class='ocr_line' id='line_1_22' title="bbox 183 2415 1758 2495; baseline 0.003 -20"><span class='ocrx_word' id='word_1_145' title='bbox 183 2415 362 2476; x_wconf 85' lang='lat' dir='ltr'>cium</span> <span class='ocrx_word' id='word_1_146' title='bbox 385 2415 472 2475; x_wconf 91' lang='lat' dir='ltr'>ita</span> <span class='ocrx_word' id='word_1_147' title='bbox 491 2421 582 2477; x_wconf 91' lang='lat' dir='ltr'>est</span> <span class='ocrx_word' id='word_1_148' title='bbox 594 2418 780 2495; x_wconf 87' lang='lat' dir='ltr'>turpe</span> <span class='ocrx_word' id='word_1_149' title='bbox 801 2419 863 2477; x_wconf 88' lang='lat' dir='ltr'>et</span> <span class='ocrx_word' id='word_1_150' title='bbox 877 2416 1211 2478; x_wconf 84' lang='lat' dir='ltr'>intrinsece</span> <span class='ocrx_word' id='word_1_151' title='bbox 1227 2418 1460 2479; x_wconf 90' lang='lat' dir='ltr'>malum</span> <span class='ocrx_word' id='word_1_152' title='bbox 1473 2464 1486 2487; x_wconf 85' lang='lat'>‚</span> <span class='ocrx_word' id='word_1_153' title='bbox 1504 2424 1758 2479; x_wconf 88' lang='lat' dir='ltr'>utcom-</span> 
     </span>
     <span class='ocr_line' id='line_1_23' title="bbox 183 2508 1758 2587; baseline 0.002 -18"><span class='ocrx_word' id='word_1_154' title='bbox 183 2514 486 2587; x_wconf 82' lang='lat' dir='ltr'>paratum</span> <span class='ocrx_word' id='word_1_155' title='bbox 514 2508 596 2569; x_wconf 89' lang='lat' dir='ltr'>ad</span> <span class='ocrx_word' id='word_1_156' title='bbox 615 2508 890 2570; x_wconf 80' lang='lat' dir='ltr'>divinam</span> <span class='ocrx_word' id='word_1_157' title='bbox 918 2510 1306 2572; x_wconf 83' lang='lat' dir='ltr'>voluntatem</span> <span class='ocrx_word' id='word_1_158' title='bbox 1319 2509 1419 2571; x_wconf 85' lang='lat' dir='ltr'>vel</span> <span class='ocrx_word' id='word_1_159' title='bbox 1448 2512 1758 2573; x_wconf 82' lang='lat' dir='ltr'>actionem</span> 
     </span>
     <span class='ocr_line' id='line_1_24' title="bbox 186 2600 1760 2683; baseline 0.003 -22"><span class='ocrx_word' id='word_1_160' title='bbox 186 2620 322 2662; x_wconf 88' lang='lat' dir='ltr'>non</span> <span class='ocrx_word' id='word_1_161' title='bbox 361 2602 556 2681; x_wconf 86' lang='lat' dir='ltr'>possit</span> <span class='ocrx_word' id='word_1_162' title='bbox 605 2600 1027 2663; x_wconf 86' lang='lat' dir='ltr'>dehonestari.</span> <span class='ocrx_word' id='word_1_163' title='bbox 1072 2603 1332 2682; x_wconf 84' lang='lat' dir='ltr'>Propter</span> <span class='ocrx_word' id='word_1_164' title='bbox 1383 2603 1552 2683; x_wconf 90' lang='lat' dir='ltr'>quod</span> <span class='ocrx_word' id='word_1_165' title='bbox 1609 2604 1760 2667; x_wconf 83' lang='lat' dir='ltr'>dixit</span> 
     </span>
     <span class='ocr_line' id='line_1_25' title="bbox 189 2694 1757 2778; baseline 0.003 -23"><span class='ocrx_word' id='word_1_166' title='bbox 189 2694 430 2755; x_wconf 86' lang='lat' dir='ltr'>Paulus</span> <span class='ocrx_word' id='word_1_167' title='bbox 453 2698 494 2756; x_wconf 75' lang='lat'><strong>2</strong></span> <span class='ocrx_word' id='word_1_168' title='bbox 525 2695 607 2755; x_wconf 91' lang='lat' dir='ltr'>ad</span> <span class='ocrx_word' id='word_1_169' title='bbox 636 2696 852 2757; x_wconf 79' lang='lat' dir='ltr'>Thess,</span> <span class='ocrx_word' id='word_1_170' title='bbox 886 2698 950 2770; x_wconf 74' lang='lat'>2,</span> <span class='ocrx_word' id='word_1_171' title='bbox 973 2714 1100 2757; x_wconf 90' lang='lat' dir='ltr'>non</span> <span class='ocrx_word' id='word_1_172' title='bbox 1129 2697 1330 2776; x_wconf 84' lang='lat' dir='ltr'>magis</span> <span class='ocrx_word' id='word_1_173' title='bbox 1349 2717 1534 2778; x_wconf 90' lang='lat' dir='ltr'>posse</span> <span class='ocrx_word' id='word_1_174' title='bbox 1561 2698 1757 2759; x_wconf 88' lang='lat' dir='ltr'>Deum</span> 
     </span>
     <span class='ocr_line' id='line_1_26' title="bbox 187 2790 1758 2871; baseline 0.003 -21"><span class='ocrx_word' id='word_1_175' title='bbox 187 2790 478 2863; x_wconf 88' lang='lat' dir='ltr'>mentiri,</span> <span class='ocrx_word' id='word_1_176' title='bbox 517 2808 707 2868; x_wconf 89' lang='lat' dir='ltr'>quam</span> <span class='ocrx_word' id='word_1_177' title='bbox 744 2791 1020 2871; x_wconf 90' lang='lat' dir='ltr'>seipsum</span> <span class='ocrx_word' id='word_1_178' title='bbox 1065 2810 1344 2871; x_wconf 87' lang='lat' dir='ltr'>negare;</span> <span class='ocrx_word' id='word_1_179' title='bbox 1389 2811 1535 2853; x_wconf 88' lang='lat' dir='ltr'>nam</span> <span class='ocrx_word' id='word_1_180' title='bbox 1585 2810 1758 2855; x_wconf 89' lang='lat' dir='ltr'>men·</span> 
     </span>
     <span class='ocr_line' id='line_1_27' title="bbox 187 2883 1757 2960; baseline 0.001 -15"><span class='ocrx_word' id='word_1_181' title='bbox 187 2883 410 2945; x_wconf 89' lang='lat' dir='ltr'>tiendo</span> <span class='ocrx_word' id='word_1_182' title='bbox 471 2889 731 2960; x_wconf 78' lang='lat' dir='ltr'>negaret</span> <span class='ocrx_word' id='word_1_183' title='bbox 791 2900 864 2945; x_wconf 82' lang='lat' dir='ltr'>ac</span> <span class='ocrx_word' id='word_1_184' title='bbox 923 2883 1275 2946; x_wconf 86' lang='lat' dir='ltr'>destrueret</span> <span class='ocrx_word' id='word_1_185' title='bbox 1325 2887 1757 2948; x_wconf 87' lang='lat' dir='ltr'>auctoritatem</span> 
     </span>
     <span class='ocr_line' id='line_1_28' title="bbox 187 2976 1760 3050; baseline 0.002 -14"><span class='ocrx_word' id='word_1_186' title='bbox 187 2995 401 3050; x_wconf 86' lang='lat' dir='ltr'>suam,</span> <span class='ocrx_word' id='word_1_187' title='bbox 436 2976 795 3037; x_wconf 86' lang='lat' dir='ltr'>fidelitatem</span> <span class='ocrx_word' id='word_1_188' title='bbox 828 2982 889 3038; x_wconf 88' lang='lat' dir='ltr'>et</span> <span class='ocrx_word' id='word_1_189' title='bbox 916 2978 1374 3041; x_wconf 88' lang='lat' dir='ltr'>rectitudinem.</span> <span class='ocrx_word' id='word_1_190' title='bbox 1407 2980 1482 3039; x_wconf 90' lang='lat' dir='ltr'>Et</span> <span class='ocrx_word' id='word_1_191' title='bbox 1505 2979 1644 3040; x_wconf 89' lang='lat' dir='ltr'>ideo</span> <span class='ocrx_word' id='word_1_192' title='bbox 1666 2978 1760 3039; x_wconf 90' lang='lat' dir='ltr'>di-</span> 
     </span>
     <span class='ocr_line' id='line_1_29' title="bbox 187 3070 1761 3151; baseline 0.003 -20"><span class='ocrx_word' id='word_1_193' title='bbox 187 3072 358 3132; x_wconf 87' lang='lat' dir='ltr'>citur</span> <span class='ocrx_word' id='word_1_194' title='bbox 412 3070 882 3147; x_wconf 65' lang='lat' dir='ltr'>Denter-onom„</span> <span class='ocrx_word' id='word_1_195' title='bbox 921 3071 1244 3151; x_wconf 84' lang='lat' dir='ltr'>trigesimo</span> <span class='ocrx_word' id='word_1_196' title='bbox 1293 3073 1571 3136; x_wconf 88' lang='lat' dir='ltr'>secundo</span> <span class='ocrx_word' id='word_1_197' title='bbox 1602 3092 1614 3134; x_wconf 74' lang='grc' dir='ltr'>ε</span> <span class='ocrx_word' id='word_1_198' title='bbox 1650 3072 1761 3136; x_wconf 75' lang='lat' dir='ltr'>Fi-</span> 
     </span>
     <span class='ocr_line' id='line_1_30' title="bbox 185 3162 1762 3247; baseline 0.003 -21"><span class='ocrx_word' id='word_1_199' title='bbox 185 3162 344 3226; x_wconf 72' lang='lat' dir='ltr'>delis</span> <span class='ocrx_word' id='word_1_200' title='bbox 370 3166 559 3238; x_wconf 74' lang='lat' dir='ltr'>Deus,</span> <span class='ocrx_word' id='word_1_201' title='bbox 591 3170 652 3227; x_wconf 77' lang='lat' dir='ltr'>et</span> <span class='ocrx_word' id='word_1_202' title='bbox 685 3165 904 3245; x_wconf 76' lang='lat' dir='ltr'>absque</span> <span class='ocrx_word' id='word_1_203' title='bbox 924 3165 1059 3228; x_wconf 76' lang='lat' dir='ltr'>ulla</span> <span class='ocrx_word' id='word_1_204' title='bbox 1098 3167 1449 3247; x_wconf 71' lang='lat' dir='ltr'>iniquitate,</span> <span class='ocrx_word' id='word_1_205' title='bbox 1458 3168 1676 3246; x_wconf 71' lang='lat' dir='ltr'>justus</span> <span class='ocrx_word' id='word_1_206' title='bbox 1705 3171 1762 3230; x_wconf 77' lang='lat' dir='ltr'>et</span> 
     </span>
     <span class='ocr_line' id='line_1_31' title="bbox 185 3257 1754 3342; baseline 0.002 -23"><span class='ocrx_word' id='word_1_207' title='bbox 185 3265 418 3322; x_wconf 71' lang='lat' dir='ltr'>rectus.</span> <span class='ocrx_word' id='word_1_208' title='bbox 455 3257 634 3329; x_wconf 88' lang='lat' dir='ltr'>Quod</span> <span class='ocrx_word' id='word_1_209' title='bbox 682 3258 866 3320; x_wconf 88' lang='lat' dir='ltr'>latius</span> <span class='ocrx_word' id='word_1_210' title='bbox 904 3262 1305 3339; x_wconf 84' lang='lat' dir='ltr'>prosequitur</span> <span class='ocrx_word' id='word_1_211' title='bbox 1351 3262 1754 3342; x_wconf 84' lang='lat' dir='ltr'>Augustinus,</span> 
     </span>
     <span class='ocr_line' id='line_1_32' title="bbox 185 3349 1760 3428; baseline 0.004 -17"><span class='ocrx_word' id='word_1_212' title='bbox 185 3351 335 3412; x_wconf 87' lang='lat' dir='ltr'>libr.</span> <span class='ocrx_word' id='word_1_213' title='bbox 371 3349 450 3412; x_wconf 88' lang='lat' dir='ltr'>de</span> <span class='ocrx_word' id='word_1_214' title='bbox 479 3351 688 3412; x_wconf 83' lang='lat' dir='ltr'>Mend.</span> <span class='ocrx_word' id='word_1_215' title='bbox 735 3357 798 3413; x_wconf 88' lang='lat' dir='ltr'>et</span> <span class='ocrx_word' id='word_1_216' title='bbox 825 3357 991 3413; x_wconf 88' lang='lat' dir='ltr'>cont.</span> <span class='ocrx_word' id='word_1_217' title='bbox 1025 3354 1266 3428; x_wconf 68' lang='lat' dir='ltr'>mend„</span> <span class='ocrx_word' id='word_1_218' title='bbox 1299 3361 1362 3414; x_wconf 90' lang='lat' dir='ltr'>et</span> <span class='ocrx_word' id='word_1_219' title='bbox 1401 3354 1480 3415; x_wconf 90' lang='lat' dir='ltr'>de</span> <span class='ocrx_word' id='word_1_220' title='bbox 1517 3355 1667 3416; x_wconf 90' lang='lat' dir='ltr'>Fide</span> <span class='ocrx_word' id='word_1_221' title='bbox 1697 3359 1760 3417; x_wconf 86' lang='lat' dir='ltr'>et</span> 
     </span>
     <span class='ocr_line' id='line_1_33' title="bbox 189 3444 1761 3526; baseline 0.001 -20"><span class='ocrx_word' id='word_1_222' title='bbox 189 3445 507 3524; x_wconf 84' lang='lat' dir='ltr'>symbolo,</span> <span class='ocrx_word' id='word_1_223' title='bbox 543 3451 606 3505; x_wconf 85' lang='lat' dir='ltr'>et</span> <span class='ocrx_word' id='word_1_224' title='bbox 633 3444 880 3506; x_wconf 88' lang='lat' dir='ltr'>decimo</span> <span class='ocrx_word' id='word_1_225' title='bbox 911 3447 1126 3524; x_wconf 90' lang='lat' dir='ltr'>quinto</span> <span class='ocrx_word' id='word_1_226' title='bbox 1167 3446 1246 3508; x_wconf 88' lang='lat' dir='ltr'>de</span> <span class='ocrx_word' id='word_1_227' title='bbox 1283 3447 1528 3521; x_wconf 64' lang='lat' dir='ltr'>Trinit„</span> <span class='ocrx_word' id='word_1_228' title='bbox 1561 3448 1761 3526; x_wconf 85' lang='lat' dir='ltr'>capite</span> 
     </span>
     <span class='ocr_line' id='line_1_34' title="bbox 189 3539 1766 3620; baseline 0.001 -20"><span class='ocrx_word' id='word_1_229' title='bbox 189 3539 444 3600; x_wconf 85' lang='lat' dir='ltr'>decimo</span> <span class='ocrx_word' id='word_1_230' title='bbox 475 3539 694 3617; x_wconf 90' lang='lat' dir='ltr'>quinto</span> <span class='ocrx_word' id='word_1_231' title='bbox 715 3557 730 3610; x_wconf 74' lang='grc' dir='ltr'>ς</span> <span class='ocrx_word' id='word_1_232' title='bbox 755 3545 817 3600; x_wconf 90' lang='lat' dir='ltr'>et</span> <span class='ocrx_word' id='word_1_233' title='bbox 855 3539 1188 3600; x_wconf 84' lang='lat' dir='ltr'>Anselmus</span> <span class='ocrx_word' id='word_1_234' title='bbox 1215 3540 1374 3600; x_wconf 89' lang='lat' dir='ltr'>libro</span> <span class='ocrx_word' id='word_1_235' title='bbox 1411 3541 1614 3620; x_wconf 89' lang='lat' dir='ltr'>primo</span> <span class='ocrx_word' id='word_1_236' title='bbox 1649 3559 1766 3601; x_wconf 92' lang='lat' dir='ltr'>cur</span> 
     </span>
     <span class='ocr_line' id='line_1_35' title="bbox 189 3632 1762 3713; baseline 0.001 -21"><span class='ocrx_word' id='word_1_237' title='bbox 189 3634 364 3692; x_wconf 86' lang='lat' dir='ltr'>Deus</span> <span class='ocrx_word' id='word_1_238' title='bbox 407 3633 620 3706; x_wconf 80' lang='lat' dir='ltr'>home,</span> <span class='ocrx_word' id='word_1_239' title='bbox 673 3632 876 3712; x_wconf 86' lang='lat' dir='ltr'>capite</span> <span class='ocrx_word' id='word_1_240' title='bbox 924 3632 1170 3693; x_wconf 87' lang='lat' dir='ltr'>decimo</span> <span class='ocrx_word' id='word_1_241' title='bbox 1205 3633 1504 3694; x_wconf 88' lang='lat' dir='ltr'>secund0.</span> <span class='ocrx_word' id='word_1_242' title='bbox 1537 3634 1607 3694; x_wconf 89' lang='lat' dir='ltr'>In</span> <span class='ocrx_word' id='word_1_243' title='bbox 1638 3652 1762 3713; x_wconf 90' lang='lat' dir='ltr'>quo</span> 
     </span>
     <span class='ocr_line' id='line_1_36' title="bbox 195 3727 1764 3792; baseline -0.003 0"><span class='ocrx_word' id='word_1_244' title='bbox 195 3735 294 3792; x_wconf 81' lang='lat' dir='ltr'>est</span> <span class='ocrx_word' id='word_1_245' title='bbox 331 3727 608 3790; x_wconf 84' lang='lat' dir='ltr'>notanda</span> <span class='ocrx_word' id='word_1_246' title='bbox 637 3727 987 3789; x_wconf 83' lang='lat' dir='ltr'>differentia</span> <span class='ocrx_word' id='word_1_247' title='bbox 1016 3727 1178 3788; x_wconf 87' lang='lat' dir='ltr'>inter</span> <span class='ocrx_word' id='word_1_248' title='bbox 1195 3729 1580 3790; x_wconf 80' lang='lat' dir='ltr'>voluntatem</span> <span class='ocrx_word' id='word_1_249' title='bbox 1609 3729 1764 3790; x_wconf 83' lang='lat' dir='ltr'>divi-</span> 
     </span>
     <span class='ocr_line' id='line_1_37' title="bbox 193 3821 1760 3901; baseline 0 -19"><span class='ocrx_word' id='word_1_250' title='bbox 193 3839 345 3883; x_wconf 89' lang='lat' dir='ltr'>nam</span> <span class='ocrx_word' id='word_1_251' title='bbox 377 3827 442 3882; x_wconf 86' lang='lat' dir='ltr'>et</span> <span class='ocrx_word' id='word_1_252' title='bbox 469 3825 744 3882; x_wconf 84' lang='lat' dir='ltr'>creatam</span> <span class='ocrx_word' id='word_1_253' title='bbox 771 3837 787 3893; x_wconf 88' lang='grc'>;</span> <span class='ocrx_word' id='word_1_254' title='bbox 821 3821 1060 3880; x_wconf 88' lang='lat' dir='ltr'>namin</span> <span class='ocrx_word' id='word_1_255' title='bbox 1091 3827 1300 3882; x_wconf 89' lang='lat' dir='ltr'>creata</span> <span class='ocrx_word' id='word_1_256' title='bbox 1329 3837 1496 3901; x_wconf 75' lang='lat' dir='ltr'>saepe</span> <span class='ocrx_word' id='word_1_257' title='bbox 1526 3821 1760 3883; x_wconf 82' lang='lat' dir='ltr'>inveni-</span> 
     </span>
     <span class='ocr_line' id='line_1_38' title="bbox 193 3911 1764 3993; baseline 0 -18"><span class='ocrx_word' id='word_1_258' title='bbox 193 3921 298 3976; x_wconf 90' lang='lat' dir='ltr'>tur</span> <span class='ocrx_word' id='word_1_259' title='bbox 339 3915 476 3974; x_wconf 82' lang='lat' dir='ltr'>haec</span> <span class='ocrx_word' id='word_1_260' title='bbox 501 3913 848 3974; x_wconf 83' lang='lat' dir='ltr'>necessitas</span> <span class='ocrx_word' id='word_1_261' title='bbox 879 3911 1090 3993; x_wconf 88' lang='lat' dir='ltr'>quoad</span> <span class='ocrx_word' id='word_1_262' title='bbox 1131 3913 1662 3993; x_wconf 86' lang='lat' dir='ltr'>specificationem</span> <span class='ocrx_word' id='word_1_263' title='bbox 1699 3915 1764 3976; x_wconf 92' lang='lat' dir='ltr'>in</span> 
     </span>
     <span class='ocr_line' id='line_1_39' title="bbox 195 4007 1764 4080; baseline -0.001 -11"><span class='ocrx_word' id='word_1_264' title='bbox 195 4008 416 4069; x_wconf 88' lang='lat' dir='ltr'>ordine</span> <span class='ocrx_word' id='word_1_265' title='bbox 441 4007 520 4068; x_wconf 90' lang='lat' dir='ltr'>ad</span> <span class='ocrx_word' id='word_1_266' title='bbox 548 4007 942 4068; x_wconf 87' lang='lat' dir='ltr'>honestatem</span> <span class='ocrx_word' id='word_1_267' title='bbox 965 4007 1246 4080; x_wconf 74' lang='lat' dir='ltr'>actioniS,</span> <span class='ocrx_word' id='word_1_268' title='bbox 1276 4013 1338 4068; x_wconf 84' lang='lat' dir='ltr'>et</span> <span class='ocrx_word' id='word_1_269' title='bbox 1358 4007 1764 4069; x_wconf 89' lang='lat' dir='ltr'>nihilominus</span> 
     </span>
     <span class='ocr_line' id='line_1_40' title="bbox 195 4099 1762 4163; baseline -0.001 -1"><span class='ocrx_word' id='word_1_270' title='bbox 195 4119 268 4162; x_wconf 83' lang='lat' dir='ltr'>ex</span> <span class='ocrx_word' id='word_1_271' title='bbox 291 4101 400 4161; x_wconf 84' lang='lat' dir='ltr'>illa</span> <span class='ocrx_word' id='word_1_272' title='bbox 436 4118 566 4161; x_wconf 91' lang='lat' dir='ltr'>non</span> <span class='ocrx_word' id='word_1_273' title='bbox 595 4101 790 4160; x_wconf 88' lang='lat' dir='ltr'>oritur</span> <span class='ocrx_word' id='word_1_274' title='bbox 827 4099 892 4159; x_wconf 91' lang='lat' dir='ltr'>in</span> <span class='ocrx_word' id='word_1_275' title='bbox 933 4099 1040 4160; x_wconf 89' lang='lat' dir='ltr'>tali</span> <span class='ocrx_word' id='word_1_276' title='bbox 1069 4099 1388 4162; x_wconf 80' lang='lat' dir='ltr'>voluntate</span> <span class='ocrx_word' id='word_1_277' title='bbox 1417 4102 1762 4163; x_wconf 86' lang='lat' dir='ltr'>necessitas</span> 
     </span>
     <span class='ocr_line' id='line_1_41' title="bbox 195 4192 1764 4273; baseline 0 -19"><span class='ocrx_word' id='word_1_278' title='bbox 195 4193 562 4273; x_wconf 88' lang='lat' dir='ltr'>simpliciter</span> <span class='ocrx_word' id='word_1_279' title='bbox 577 4193 666 4253; x_wconf 90' lang='lat' dir='ltr'>sic</span> <span class='ocrx_word' id='word_1_280' title='bbox 683 4192 1110 4253; x_wconf 87' lang='lat' dir='ltr'>necessarium</span> <span class='ocrx_word' id='word_1_281' title='bbox 1131 4193 1455 4272; x_wconf 87' lang='lat' dir='ltr'>operandi,</span> <span class='ocrx_word' id='word_1_282' title='bbox 1481 4194 1668 4254; x_wconf 85' lang='lat' dir='ltr'>etiam</span> <span class='ocrx_word' id='word_1_283' title='bbox 1687 4211 1764 4254; x_wconf 83' lang='lat' dir='ltr'>ex</span> 
     </span>
     <span class='ocr_line' id='line_1_42' title="bbox 193 4284 1765 4366; baseline -0.001 -18"><span class='ocrx_word' id='word_1_284' title='bbox 193 4286 626 4366; x_wconf 87' lang='lat' dir='ltr'>suppositione</span> <span class='ocrx_word' id='word_1_285' title='bbox 657 4284 824 4364; x_wconf 86' lang='lat' dir='ltr'>quod</span> <span class='ocrx_word' id='word_1_286' title='bbox 850 4284 1098 4365; x_wconf 88' lang='lat' dir='ltr'>operari</span> <span class='ocrx_word' id='word_1_287' title='bbox 1116 4285 1285 4346; x_wconf 86' lang='lat' dir='ltr'>velit.</span> <span class='ocrx_word' id='word_1_288' title='bbox 1304 4287 1405 4359; x_wconf 92' lang='lat' dir='ltr'>Ut,</span> <span class='ocrx_word' id='word_1_289' title='bbox 1427 4285 1600 4346; x_wconf 86' lang='lat' dir='ltr'>verbi</span> <span class='ocrx_word' id='word_1_290' title='bbox 1623 4305 1765 4364; x_wconf 82' lang='lat' dir='ltr'>gra·</span> 
     </span>
     <span class='ocr_line' id='line_1_43' title="bbox 193 4378 1765 4458; baseline -0.001 -17"><span class='ocrx_word' id='word_1_291' title='bbox 193 4381 278 4441; x_wconf 86' lang='lat' dir='ltr'>tia</span> <span class='ocrx_word' id='word_1_292' title='bbox 303 4380 371 4439; x_wconf 91' lang='lat' dir='ltr'>in</span> <span class='ocrx_word' id='word_1_293' title='bbox 395 4378 621 4439; x_wconf 89' lang='lat' dir='ltr'>eodem</span> <span class='ocrx_word' id='word_1_294' title='bbox 649 4379 960 4458; x_wconf 83' lang='lat' dir='ltr'>exemplo,</span> <span class='ocrx_word' id='word_1_295' title='bbox 977 4379 1130 4439; x_wconf 87' lang='lat' dir='ltr'>mihi</span> <span class='ocrx_word' id='word_1_296' title='bbox 1151 4397 1316 4440; x_wconf 91' lang='lat' dir='ltr'>nunc</span> <span class='ocrx_word' id='word_1_297' title='bbox 1347 4387 1474 4440; x_wconf 77' lang='lat' dir='ltr'>non·</span> <span class='ocrx_word' id='word_1_298' title='bbox 1501 4385 1596 4441; x_wconf 91' lang='lat' dir='ltr'>est</span> <span class='ocrx_word' id='word_1_299' title='bbox 1617 4380 1765 4440; x_wconf 91' lang='lat' dir='ltr'>sim-</span> 
     </span>
     <span class='ocr_line' id='line_1_44' title="bbox 193 4472 1767 4554; baseline 0.001 -20"><span class='ocrx_word' id='word_1_300' title='bbox 193 4473 444 4552; x_wconf 88' lang='lat' dir='ltr'>pliciter</span> <span class='ocrx_word' id='word_1_301' title='bbox 469 4473 894 4532; x_wconf 86' lang='lat' dir='ltr'>necessarium</span> <span class='ocrx_word' id='word_1_302' title='bbox 915 4472 1122 4552; x_wconf 86' lang='lat' dir='ltr'>loqui;</span> <span class='ocrx_word' id='word_1_303' title='bbox 1149 4475 1386 4550; x_wconf 87' lang='lat' dir='ltr'>tamen,</span> <span class='ocrx_word' id='word_1_304' title='bbox 1427 4491 1506 4535; x_wconf 83' lang='lat' dir='ltr'>ex</span> <span class='ocrx_word' id='word_1_305' title='bbox 1541 4493 1767 4554; x_wconf 88' lang='lat' dir='ltr'>suppo-</span> 
     </span>
     <span class='ocr_line' id='line_1_45' title="bbox 169 4563 1768 4644; baseline 0.001 -17"><span class='ocrx_word' id='word_1_306' title='bbox 169 4567 426 4627; x_wconf 87' lang='lat' dir='ltr'>·sitione</span> <span class='ocrx_word' id='word_1_307' title='bbox 463 4563 628 4642; x_wconf 89' lang='lat' dir='ltr'>quod</span> <span class='ocrx_word' id='word_1_308' title='bbox 655 4565 825 4644; x_wconf 89' lang='lat' dir='ltr'>loqui</span> <span class='ocrx_word' id='word_1_309' title='bbox 858 4565 1070 4640; x_wconf 83' lang='lat' dir='ltr'>velim,</span> <span class='ocrx_word' id='word_1_310' title='bbox 1101 4566 1182 4627; x_wconf 89' lang='lat' dir='ltr'>ad</span> <span class='ocrx_word' id='word_1_311' title='bbox 1209 4568 1603 4628; x_wconf 85' lang='lat' dir='ltr'>honestatem</span> <span class='ocrx_word' id='word_1_312' title='bbox 1631 4585 1768 4628; x_wconf 86' lang='lat' dir='ltr'>mo-</span> 
     </span>
     <span class='ocr_line' id='line_1_46' title="bbox 191 4658 1768 4738; baseline -0.001 -17"><span class='ocrx_word' id='word_1_313' title='bbox 191 4678 364 4732; x_wconf 87' lang='lat' dir='ltr'>mm,</span> <span class='ocrx_word' id='word_1_314' title='bbox 393 4658 819 4720; x_wconf 85' lang='lat' dir='ltr'>necessarium</span> <span class='ocrx_word' id='word_1_315' title='bbox 849 4664 945 4719; x_wconf 89' lang='lat' dir='ltr'>est</span> <span class='ocrx_word' id='word_1_316' title='bbox 974 4665 1041 4719; x_wconf 89' lang='lat' dir='ltr'>ut</span> <span class='ocrx_word' id='word_1_317' title='bbox 1069 4678 1214 4720; x_wconf 88' lang='lat' dir='ltr'>vere</span> <span class='ocrx_word' id='word_1_318' title='bbox 1241 4660 1486 4738; x_wconf 84' lang='lat' dir='ltr'>loquar,</span> <span class='ocrx_word' id='word_1_319' title='bbox 1517 4667 1580 4722; x_wconf 85' lang='lat' dir='ltr'>et</span> <span class='ocrx_word' id='word_1_320' title='bbox 1603 4660 1768 4720; x_wconf 89' lang='lat' dir='ltr'>nihi-</span> 
     </span>
     <span class='ocr_line' id='line_1_47' title="bbox 189 4753 1765 4830; baseline 0.001 -17"><span class='ocrx_word' id='word_1_321' title='bbox 189 4753 472 4813; x_wconf 90' lang='lat' dir='ltr'>lominus</span> <span class='ocrx_word' id='word_1_322' title='bbox 488 4769 745 4830; x_wconf 87' lang='lat' dir='ltr'>possum</span> <span class='ocrx_word' id='word_1_323' title='bbox 771 4753 852 4812; x_wconf 88' lang='lat' dir='ltr'>ab</span> <span class='ocrx_word' id='word_1_324' title='bbox 875 4753 993 4813; x_wconf 89' lang='lat' dir='ltr'>hac</span> <span class='ocrx_word' id='word_1_325' title='bbox 1012 4753 1384 4814; x_wconf 88' lang='lat' dir='ltr'>rectitudine</span> <span class='ocrx_word' id='word_1_326' title='bbox 1407 4759 1468 4814; x_wconf 87' lang='lat' dir='ltr'>et</span> <span class='ocrx_word' id='word_1_327' title='bbox 1495 4754 1765 4814; x_wconf 88' lang='lat' dir='ltr'>necessi-</span> 
     </span>
     <span class='ocr_line' id='line_1_48' title="bbox 191 4844 1768 4925; baseline 0 -18"><span class='ocrx_word' id='word_1_328' title='bbox 191 4852 324 4908; x_wconf 84' lang='lat' dir='ltr'>tate</span> <span class='ocrx_word' id='word_1_329' title='bbox 351 4844 646 4918; x_wconf 84' lang='lat' dir='ltr'>deficere,</span> <span class='ocrx_word' id='word_1_330' title='bbox 667 4849 731 4906; x_wconf 90' lang='lat' dir='ltr'>et</span> <span class='ocrx_word' id='word_1_331' title='bbox 747 4846 972 4906; x_wconf 79' lang='lat' dir='ltr'>falsum</span> <span class='ocrx_word' id='word_1_332' title='bbox 992 4845 1161 4925; x_wconf 89' lang='lat' dir='ltr'>loqui</span> <span class='ocrx_word' id='word_1_333' title='bbox 1183 4866 1198 4918; x_wconf 90' lang='lat'>;</span> <span class='ocrx_word' id='word_1_334' title='bbox 1219 4846 1284 4907; x_wconf 90' lang='lat' dir='ltr'>in</span> <span class='ocrx_word' id='word_1_335' title='bbox 1303 4847 1434 4908; x_wconf 91' lang='lat' dir='ltr'>Deo</span> <span class='ocrx_word' id='word_1_336' title='bbox 1451 4848 1662 4907; x_wconf 88' lang='lat' dir='ltr'>autem</span> <span class='ocrx_word' id='word_1_337' title='bbox 1689 4865 1768 4908; x_wconf 88' lang='lat' dir='ltr'>ex</span> 
     </span>
     <span class='ocr_line' id='line_1_49' title="bbox 192 4939 1764 5019; baseline 0 -19"><span class='ocrx_word' id='word_1_338' title='bbox 192 4939 576 5000; x_wconf 84' lang='lat' dir='ltr'>necessitate</span> <span class='ocrx_word' id='word_1_339' title='bbox 597 4939 806 5017; x_wconf 86' lang='lat' dir='ltr'>quoad</span> <span class='ocrx_word' id='word_1_340' title='bbox 831 4939 1360 5018; x_wconf 87' lang='lat' dir='ltr'>specificationem</span> <span class='ocrx_word' id='word_1_341' title='bbox 1389 4944 1460 4998; x_wconf 89' lang='lat' dir='ltr'>ut</span> <span class='ocrx_word' id='word_1_342' title='bbox 1488 4941 1764 5019; x_wconf 85' lang='lat' dir='ltr'>operatio</span> 
     </span>
     <span class='ocr_line' id='line_1_50' title="bbox 195 5032 1769 5112; baseline 0.001 -20"><span class='ocrx_word' id='word_1_343' title='bbox 195 5033 491 5093; x_wconf 84' lang='lat' dir='ltr'>voluntas</span> <span class='ocrx_word' id='word_1_344' title='bbox 517 5039 690 5095; x_wconf 90' lang='lat' dir='ltr'>recta</span> <span class='ocrx_word' id='word_1_345' title='bbox 715 5034 814 5106; x_wconf 88' lang='lat' dir='ltr'>sit,</span> <span class='ocrx_word' id='word_1_346' title='bbox 847 5033 1130 5112; x_wconf 88' lang='lat' dir='ltr'>sequitur</span> <span class='ocrx_word' id='word_1_347' title='bbox 1167 5032 1456 5095; x_wconf 88' lang='lat' dir='ltr'>absoluta</span> <span class='ocrx_word' id='word_1_348' title='bbox 1494 5033 1769 5094; x_wconf 86' lang='lat' dir='ltr'>necessi-</span> 
     </span>
     <span class='ocr_line' id='line_1_51' title="bbox 195 5125 1762 5204; baseline -0.001 -16"><span class='ocrx_word' id='word_1_349' title='bbox 195 5131 296 5188; x_wconf 85' lang='lat' dir='ltr'>tas</span> <span class='ocrx_word' id='word_1_350' title='bbox 324 5172 341 5200; x_wconf 91' lang='lat'>,</span> <span class='ocrx_word' id='word_1_351' title='bbox 393 5131 464 5186; x_wconf 89' lang='lat' dir='ltr'>ut</span> <span class='ocrx_word' id='word_1_352' title='bbox 488 5127 657 5186; x_wconf 87' lang='lat' dir='ltr'>Deus</span> <span class='ocrx_word' id='word_1_353' title='bbox 696 5142 822 5185; x_wconf 89' lang='lat' dir='ltr'>non</span> <span class='ocrx_word' id='word_1_354' title='bbox 866 5125 1068 5204; x_wconf 86' lang='lat' dir='ltr'>possit</span> <span class='ocrx_word' id='word_1_355' title='bbox 1105 5125 1288 5186; x_wconf 88' lang='lat' dir='ltr'>aliter</span> <span class='ocrx_word' id='word_1_356' title='bbox 1336 5127 1506 5187; x_wconf 89' lang='lat' dir='ltr'>illam</span> <span class='ocrx_word' id='word_1_357' title='bbox 1557 5125 1717 5188; x_wconf 80' lang='lat' dir='ltr'>velle</span> <span class='ocrx_word' id='word_1_358' title='bbox 1747 5171 1762 5200; x_wconf 92' lang='lat'>‚</span> 
     </span>
     <span class='ocr_line' id='line_1_52' title="bbox 196 5219 1766 5298; baseline 0.002 -19"><span class='ocrx_word' id='word_1_359' title='bbox 196 5219 372 5298; x_wconf 88' lang='lat' dir='ltr'>quod</span> <span class='ocrx_word' id='word_1_360' title='bbox 394 5237 523 5278; x_wconf 89' lang='lat' dir='ltr'>non</span> <span class='ocrx_word' id='word_1_361' title='bbox 565 5219 814 5280; x_wconf 88' lang='lat' dir='ltr'>aliunde</span> <span class='ocrx_word' id='word_1_362' title='bbox 843 5219 1120 5281; x_wconf 87' lang='lat' dir='ltr'>nascitur</span> <span class='ocrx_word' id='word_1_363' title='bbox 1163 5221 1280 5281; x_wconf 88' lang='lat' dir='ltr'>nisi</span> <span class='ocrx_word' id='word_1_364' title='bbox 1323 5239 1400 5281; x_wconf 88' lang='lat' dir='ltr'>ex</span> <span class='ocrx_word' id='word_1_365' title='bbox 1427 5221 1766 5282; x_wconf 85' lang='lat' dir='ltr'>intrinseca</span> 
     </span>
     <span class='ocr_line' id='line_1_53' title="bbox 195 5311 1763 5393; baseline 0.001 -21"><span class='ocrx_word' id='word_1_366' title='bbox 195 5319 258 5373; x_wconf 89' lang='lat' dir='ltr'>et</span> <span class='ocrx_word' id='word_1_367' title='bbox 287 5311 561 5372; x_wconf 85' lang='lat' dir='ltr'>naturali</span> <span class='ocrx_word' id='word_1_368' title='bbox 589 5311 962 5374; x_wconf 81' lang='lat' dir='ltr'>rectitudine</span> <span class='ocrx_word' id='word_1_369' title='bbox 990 5312 1216 5374; x_wconf 74' lang='lat' dir='ltr'>divinas</span> <span class='ocrx_word' id='word_1_370' title='bbox 1237 5313 1595 5387; x_wconf 76' lang='lat' dir='ltr'>voiuntatiS‚</span> <span class='ocrx_word' id='word_1_371' title='bbox 1622 5329 1763 5393; x_wconf 75' lang='lat' dir='ltr'>quae</span> 
     </span>
     <span class='ocr_line' id='line_1_54' title="bbox 195 5405 1764 5486; baseline 0.001 -19"><span class='ocrx_word' id='word_1_372' title='bbox 195 5410 290 5468; x_wconf 84' lang='lat' dir='ltr'>est</span> <span class='ocrx_word' id='word_1_373' title='bbox 321 5405 460 5483; x_wconf 85' lang='lat' dir='ltr'>ipsa</span> <span class='ocrx_word' id='word_1_374' title='bbox 509 5405 776 5479; x_wconf 67' lang='lat' dir='ltr'>hemma,</span> <span class='ocrx_word' id='word_1_375' title='bbox 818 5412 880 5469; x_wconf 89' lang='lat' dir='ltr'>et</span> <span class='ocrx_word' id='word_1_376' title='bbox 918 5408 1113 5468; x_wconf 86' lang='lat' dir='ltr'>virtus</span> <span class='ocrx_word' id='word_1_377' title='bbox 1153 5423 1269 5486; x_wconf 90' lang='lat' dir='ltr'>per</span> <span class='ocrx_word' id='word_1_378' title='bbox 1297 5405 1656 5468; x_wconf 84' lang='lat' dir='ltr'>essentiam.</span> <span class='ocrx_word' id='word_1_379' title='bbox 1691 5409 1764 5468; x_wconf 87' lang='lat' dir='ltr'>Et</span> 
     </span>
     <span class='ocr_line' id='line_1_55' title="bbox 195 5498 1766 5581; baseline 0.001 -21"><span class='ocrx_word' id='word_1_380' title='bbox 195 5498 344 5560; x_wconf 83' lang='lat' dir='ltr'>inde</span> <span class='ocrx_word' id='word_1_381' title='bbox 385 5498 574 5560; x_wconf 87' lang='lat' dir='ltr'>etiam</span> <span class='ocrx_word' id='word_1_382' title='bbox 603 5503 699 5560; x_wconf 85' lang='lat' dir='ltr'>est</span> <span class='ocrx_word' id='word_1_383' title='bbox 735 5505 826 5572; x_wconf 88' lang='lat' dir='ltr'>ut,</span> <span class='ocrx_word' id='word_1_384' title='bbox 870 5501 1014 5562; x_wconf 86' lang='lat' dir='ltr'>licet</span> <span class='ocrx_word' id='word_1_385' title='bbox 1054 5501 1252 5581; x_wconf 87' lang='lat' dir='ltr'>possit</span> <span class='ocrx_word' id='word_1_386' title='bbox 1301 5500 1462 5562; x_wconf 82' lang='lat' dir='ltr'>velle</span> <span class='ocrx_word' id='word_1_387' title='bbox 1506 5500 1766 5580; x_wconf 83' lang='lat' dir='ltr'>permit-</span> 
     </span>
     <span class='ocr_line' id='line_1_56' title="bbox 195 5591 1765 5678; baseline -0.002 -21"><span class='ocrx_word' id='word_1_388' title='bbox 195 5599 332 5658; x_wconf 74' lang='lat' dir='ltr'>tere</span> <span class='ocrx_word' id='word_1_389' title='bbox 365 5597 622 5678; x_wconf 80' lang='lat' dir='ltr'>peccata</span> <span class='ocrx_word' id='word_1_390' title='bbox 651 5637 667 5667; x_wconf 92' lang='lat'>‚</span> <span class='ocrx_word' id='word_1_391' title='bbox 709 5591 773 5655; x_wconf 78' lang='lat' dir='ltr'>et</span> <span class='ocrx_word' id='word_1_392' title='bbox 805 5609 1182 5658; x_wconf 81' lang='lat' dir='ltr'>concurrere</span> <span class='ocrx_word' id='word_1_393' title='bbox 1229 5593 1312 5656; x_wconf 87' lang='lat' dir='ltr'>ad</span> <span class='ocrx_word' id='word_1_394' title='bbox 1352 5595 1477 5672; x_wconf 82' lang='lat' dir='ltr'>illa,</span> <span class='ocrx_word' id='word_1_395' title='bbox 1509 5608 1642 5656; x_wconf 87' lang='lat' dir='ltr'>non</span> <span class='ocrx_word' id='word_1_396' title='bbox 1667 5597 1765 5655; x_wconf 82' lang='lat' dir='ltr'>ta·</span> 
     </span>
    </p>
   </div>
   <div class='ocr_carea' id='block_1_3' title="bbox 3276 436 3389 495">
    <p class='ocr_par' dir='ltr' id='par_1_4' title="bbox 3276 436 3389 495">
     <span class='ocr_line' id='line_1_57' title="bbox 3276 436 3389 495; baseline 0 -1"><span class='ocrx_word' id='word_1_397' title='bbox 3276 436 3389 495; x_wconf 70' lang='lat'>411</span> 
     </span>
    </p>
   </div>
   <div class='ocr_carea' id='block_1_4' title="bbox 1835 541 3402 1825">
    <p class='ocr_par' dir='ltr' id='par_1_5' title="bbox 1835 541 3402 1825">
     <span class='ocr_line' id='line_1_58' title="bbox 1837 541 3399 624; baseline 0.001 -21"><span class='ocrx_word' id='word_1_398' title='bbox 1837 560 1987 605; x_wconf 89' lang='lat' dir='ltr'>men</span> <span class='ocrx_word' id='word_1_399' title='bbox 2020 542 2218 624; x_wconf 86' lang='lat' dir='ltr'>possit</span> <span class='ocrx_word' id='word_1_400' title='bbox 2262 541 2547 605; x_wconf 86' lang='lat' dir='ltr'>absolute</span> <span class='ocrx_word' id='word_1_401' title='bbox 2596 542 2758 604; x_wconf 75' lang='lat' dir='ltr'>velle</span> <span class='ocrx_word' id='word_1_402' title='bbox 2805 548 2875 607; x_wconf 85' lang='lat' dir='ltr'>ut</span> <span class='ocrx_word' id='word_1_403' title='bbox 2914 542 3202 605; x_wconf 88' lang='lat' dir='ltr'>homines</span> <span class='ocrx_word' id='word_1_404' title='bbox 3254 560 3399 623; x_wconf 88' lang='lat' dir='ltr'>pec·</span> 
     </span>
     <span class='ocr_line' id='line_1_59' title="bbox 1839 636 3399 718; baseline 0.001 -21"><span class='ocrx_word' id='word_1_405' title='bbox 1839 642 2004 710; x_wconf 91' lang='lat' dir='ltr'>cent,</span> <span class='ocrx_word' id='word_1_406' title='bbox 2029 641 2138 698; x_wconf 89' lang='lat' dir='ltr'>aut</span> <span class='ocrx_word' id='word_1_407' title='bbox 2164 636 2411 716; x_wconf 86' lang='lat' dir='ltr'>iniquas</span> <span class='ocrx_word' id='word_1_408' title='bbox 2438 637 2839 715; x_wconf 88' lang='lat' dir='ltr'>operationes</span> <span class='ocrx_word' id='word_1_409' title='bbox 2872 644 3225 713; x_wconf 86' lang='lat' dir='ltr'>exerceant,</span> <span class='ocrx_word' id='word_1_410' title='bbox 3250 640 3399 718; x_wconf 88' lang='lat' dir='ltr'>quia</span> 
     </span>
     <span class='ocr_line' id='line_1_60' title="bbox 1837 730 3397 811; baseline 0.001 -21"><span class='ocrx_word' id='word_1_411' title='bbox 1837 730 1961 791; x_wconf 89' lang='lat' dir='ltr'>hoc</span> <span class='ocrx_word' id='word_1_412' title='bbox 1988 730 2301 811; x_wconf 85' lang='lat' dir='ltr'>objectum</span> <span class='ocrx_word' id='word_1_413' title='bbox 2334 735 2429 792; x_wconf 89' lang='lat' dir='ltr'>est</span> <span class='ocrx_word' id='word_1_414' title='bbox 2457 748 2571 809; x_wconf 92' lang='lat' dir='ltr'>per</span> <span class='ocrx_word' id='word_1_415' title='bbox 2611 748 2679 790; x_wconf 91' lang='lat' dir='ltr'>se</span> <span class='ocrx_word' id='word_1_416' title='bbox 2732 736 2913 808; x_wconf 86' lang='lat' dir='ltr'>turpe</span> <span class='ocrx_word' id='word_1_417' title='bbox 2946 735 3007 792; x_wconf 90' lang='lat' dir='ltr'>et</span> <span class='ocrx_word' id='word_1_418' title='bbox 3050 731 3397 793; x_wconf 86' lang='lat' dir='ltr'>abhorrens</span> 
     </span>
     <span class='ocr_line' id='line_1_61' title="bbox 1837 823 3402 903; baseline 0.002 -19"><span class='ocrx_word' id='word_1_419' title='bbox 1837 823 1921 884; x_wconf 86' lang='lat' dir='ltr'>ab</span> <span class='ocrx_word' id='word_1_420' title='bbox 1950 824 2121 885; x_wconf 89' lang='lat' dir='ltr'>omni</span> <span class='ocrx_word' id='word_1_421' title='bbox 2166 824 2473 903; x_wconf 88' lang='lat' dir='ltr'>sapientia</span> <span class='ocrx_word' id='word_1_422' title='bbox 2502 828 2563 884; x_wconf 87' lang='lat' dir='ltr'>et</span> <span class='ocrx_word' id='word_1_423' title='bbox 2592 824 2833 885; x_wconf 89' lang='lat' dir='ltr'>ratione</span> <span class='ocrx_word' id='word_1_424' title='bbox 2866 828 3057 885; x_wconf 86' lang='lat' dir='ltr'>recta.</span> <span class='ocrx_word' id='word_1_425' title='bbox 3090 825 3271 887; x_wconf 91' lang='lat' dir='ltr'>Unde</span> <span class='ocrx_word' id='word_1_426' title='bbox 3306 829 3402 887; x_wconf 81' lang='lat' dir='ltr'>est</span> 
     </span>
     <span class='ocr_line' id='line_1_62' title="bbox 1837 916 3398 999; baseline 0.003 -22"><span class='ocrx_word' id='word_1_427' title='bbox 1837 916 1993 977; x_wconf 89' lang='lat' dir='ltr'>illud</span> <span class='ocrx_word' id='word_1_428' title='bbox 2031 917 2259 979; x_wconf 88' lang='lat' dir='ltr'>Psalm.</span> <span class='ocrx_word' id='word_1_429' title='bbox 2290 918 2328 979; x_wconf 78' lang='lat'>5</span> <span class='ocrx_word' id='word_1_430' title='bbox 2360 935 2373 977; x_wconf 75' lang='grc' dir='ltr'><strong>ε</strong></span> <span class='ocrx_word' id='word_1_431' title='bbox 2412 918 2561 981; x_wconf 75' lang='lat' dir='ltr'>Non</span> <span class='ocrx_word' id='word_1_432' title='bbox 2601 918 2767 981; x_wconf 77' lang='lat' dir='ltr'>Deus</span> <span class='ocrx_word' id='word_1_433' title='bbox 2794 916 2997 979; x_wconf 79' lang='lat' dir='ltr'>volens</span> <span class='ocrx_word' id='word_1_434' title='bbox 3014 916 3398 999; x_wconf 71' lang='lat' dir='ltr'>iniquitatem</span> 
     </span>
     <span class='ocr_line' id='line_1_63' title="bbox 1838 1008 3398 1086; baseline -0.002 -11"><span class='ocrx_word' id='word_1_435' title='bbox 1838 1017 1906 1075; x_wconf 71' lang='lat' dir='ltr'>tw</span> <span class='ocrx_word' id='word_1_436' title='bbox 1946 1030 2031 1086; x_wconf 76' lang='lat' dir='ltr'>es,</span> <span class='ocrx_word' id='word_1_437' title='bbox 2066 1030 2139 1073; x_wconf 88' lang='lat' dir='ltr'>ac</span> <span class='ocrx_word' id='word_1_438' title='bbox 2170 1011 2221 1073; x_wconf 88' lang='lat' dir='ltr'>si</span> <span class='ocrx_word' id='word_1_439' title='bbox 2252 1012 2489 1073; x_wconf 86' lang='lat' dir='ltr'>diceret</span> <span class='ocrx_word' id='word_1_440' title='bbox 2518 1030 2531 1071; x_wconf 93' lang='lat'>:</span> <span class='ocrx_word' id='word_1_441' title='bbox 2565 1010 2719 1071; x_wconf 87' lang='lat' dir='ltr'>Cum</span> <span class='ocrx_word' id='word_1_442' title='bbox 2746 1008 2831 1071; x_wconf 86' lang='lat' dir='ltr'>sis</span> <span class='ocrx_word' id='word_1_443' title='bbox 2860 1028 3046 1070; x_wconf 86' lang='lat' dir='ltr'>verus</span> <span class='ocrx_word' id='word_1_444' title='bbox 3074 1011 3265 1085; x_wconf 87' lang='lat' dir='ltr'>Deus,</span> <span class='ocrx_word' id='word_1_445' title='bbox 3290 1016 3398 1073; x_wconf 89' lang='lat' dir='ltr'>tua</span> 
     </span>
     <span class='ocr_line' id='line_1_64' title="bbox 1837 1104 3399 1186; baseline -0.002 -18"><span class='ocrx_word' id='word_1_446' title='bbox 1837 1107 2085 1168; x_wconf 88' lang='lat' dir='ltr'>bonitas</span> <span class='ocrx_word' id='word_1_447' title='bbox 2135 1114 2197 1169; x_wconf 87' lang='lat' dir='ltr'>et</span> <span class='ocrx_word' id='word_1_448' title='bbox 2244 1105 2549 1169; x_wconf 82' lang='lat' dir='ltr'>rectitudo</span> <span class='ocrx_word' id='word_1_449' title='bbox 2602 1104 2964 1186; x_wconf 89' lang='lat' dir='ltr'>hujusmodi</span> <span class='ocrx_word' id='word_1_450' title='bbox 3016 1104 3399 1166; x_wconf 82' lang='lat' dir='ltr'>voluntatem</span> 
     </span>
     <span class='ocr_line' id='line_1_65' title="bbox 1835 1198 3401 1280; baseline -0.001 -19"><span class='ocrx_word' id='word_1_451' title='bbox 1835 1219 1963 1262; x_wconf 89' lang='lat' dir='ltr'>non</span> <span class='ocrx_word' id='word_1_452' title='bbox 1990 1201 2293 1273; x_wconf 86' lang='lat' dir='ltr'>admittit;</span> <span class='ocrx_word' id='word_1_453' title='bbox 2327 1200 2497 1280; x_wconf 83' lang='lat' dir='ltr'>q&#39;uod</span> <span class='ocrx_word' id='word_1_454' title='bbox 2521 1200 2707 1261; x_wconf 89' lang='lat' dir='ltr'>latius</span> <span class='ocrx_word' id='word_1_455' title='bbox 2744 1198 3130 1276; x_wconf 81' lang='lat' dir='ltr'>demonstrat</span> <span class='ocrx_word' id='word_1_456' title='bbox 3160 1201 3401 1279; x_wconf 84' lang='lat' dir='ltr'>Augus-</span> 
     </span>
     <span class='ocr_line' id='line_1_66' title="bbox 1837 1294 3393 1373; baseline -0.001 -16"><span class='ocrx_word' id='word_1_457' title='bbox 1837 1296 2029 1369; x_wconf 87' lang='lat' dir='ltr'>tinus,</span> <span class='ocrx_word' id='word_1_458' title='bbox 2060 1296 2167 1355; x_wconf 91' lang='lat' dir='ltr'>lib.</span> <span class='ocrx_word' id='word_1_459' title='bbox 2192 1299 2231 1357; x_wconf 77' lang='lat'><strong>2</strong></span> <span class='ocrx_word' id='word_1_460' title='bbox 2266 1295 2346 1356; x_wconf 91' lang='lat' dir='ltr'>de</span> <span class='ocrx_word' id='word_1_461' title='bbox 2374 1296 2618 1357; x_wconf 87' lang='lat' dir='ltr'>Peccat.</span> <span class='ocrx_word' id='word_1_462' title='bbox 2640 1294 2843 1355; x_wconf 87' lang='lat' dir='ltr'>merit.</span> <span class='ocrx_word' id='word_1_463' title='bbox 2866 1299 2928 1354; x_wconf 91' lang='lat' dir='ltr'>et</span> <span class='ocrx_word' id='word_1_464' title='bbox 2951 1294 3221 1365; x_wconf 88' lang='lat' dir='ltr'>remiss.,</span> <span class='ocrx_word' id='word_1_465' title='bbox 3256 1312 3393 1373; x_wconf 86' lang='lat' dir='ltr'>cap.</span> 
     </span>
     <span class='ocr_line' id='line_1_67' title="bbox 1841 1388 3400 1469; baseline -0.001 -18"><span class='ocrx_word' id='word_1_466' title='bbox 1841 1391 1941 1465; x_wconf 87' lang='grc'>18,</span> <span class='ocrx_word' id='word_1_467' title='bbox 1976 1396 2039 1451; x_wconf 90' lang='lat' dir='ltr'>et</span> <span class='ocrx_word' id='word_1_468' title='bbox 2078 1390 2157 1451; x_wconf 88' lang='lat' dir='ltr'>de</span> <span class='ocrx_word' id='word_1_469' title='bbox 2200 1390 2561 1452; x_wconf 81' lang='lat' dir='ltr'>Proedestin.</span> <span class='ocrx_word' id='word_1_470' title='bbox 2592 1390 2830 1462; x_wconf 90' lang='lat' dir='ltr'>Sanct.‚</span> <span class='ocrx_word' id='word_1_471' title='bbox 2864 1407 3001 1469; x_wconf 90' lang='lat' dir='ltr'>cap.</span> <span class='ocrx_word' id='word_1_472' title='bbox 3043 1391 3139 1451; x_wconf 90' lang='grc'>10.</span> <span class='ocrx_word' id='word_1_473' title='bbox 3174 1388 3400 1461; x_wconf 89' lang='lat' dir='ltr'>Quam-</span> 
     </span>
     <span class='ocr_line' id='line_1_68' title="bbox 1838 1482 3401 1563; baseline -0.002 -18"><span class='ocrx_word' id='word_1_474' title='bbox 1838 1484 1933 1545; x_wconf 77' lang='lat' dir='ltr'>vis</span> <span class='ocrx_word' id='word_1_475' title='bbox 1966 1502 2116 1563; x_wconf 85' lang='lat' dir='ltr'>ergo</span> <span class='ocrx_word' id='word_1_476' title='bbox 2140 1484 2567 1545; x_wconf 85' lang='lat' dir='ltr'>necessarium</span> <span class='ocrx_word' id='word_1_477' title='bbox 2594 1500 2723 1543; x_wconf 91' lang='lat' dir='ltr'>non</span> <span class='ocrx_word' id='word_1_478' title='bbox 2755 1482 2833 1542; x_wconf 89' lang='lat' dir='ltr'>sit</span> <span class='ocrx_word' id='word_1_479' title='bbox 2860 1482 3019 1543; x_wconf 78' lang='lat' dir='ltr'>velle</span> <span class='ocrx_word' id='word_1_480' title='bbox 3046 1483 3247 1543; x_wconf 90' lang='lat' dir='ltr'>Deum</span> <span class='ocrx_word' id='word_1_481' title='bbox 3287 1482 3401 1543; x_wconf 89' lang='lat' dir='ltr'>ali-</span> 
     </span>
     <span class='ocr_line' id='line_1_69' title="bbox 1839 1574 3401 1667; baseline -0.001 -30"><span class='ocrx_word' id='word_1_482' title='bbox 1839 1577 1993 1657; x_wconf 86' lang='lat' dir='ltr'>quid</span> <span class='ocrx_word' id='word_1_483' title='bbox 2026 1578 2107 1638; x_wconf 89' lang='lat' dir='ltr'>ab</span> <span class='ocrx_word' id='word_1_484' title='bbox 2146 1578 2399 1638; x_wconf 88' lang='lat' dir='ltr'>homine</span> <span class='ocrx_word' id='word_1_485' title='bbox 2454 1576 2612 1667; x_wconf 69' lang='lat' dir='ltr'>fiqri,</span> <span class='ocrx_word' id='word_1_486' title='bbox 2646 1577 2694 1637; x_wconf 88' lang='lat' dir='ltr'>si</span> <span class='ocrx_word' id='word_1_487' title='bbox 2742 1582 2953 1637; x_wconf 91' lang='lat' dir='ltr'>tamen</span> <span class='ocrx_word' id='word_1_488' title='bbox 3006 1574 3287 1637; x_wconf 86' lang='lat' dir='ltr'>absolute</span> <span class='ocrx_word' id='word_1_489' title='bbox 3337 1579 3401 1636; x_wconf 87' lang='lat' dir='ltr'>et</span> 
     </span>
     <span class='ocr_line' id='line_1_70' title="bbox 1839 1668 3398 1751; baseline -0.002 -20"><span class='ocrx_word' id='word_1_490' title='bbox 1839 1670 2333 1751; x_wconf 78' lang='lat' dir='ltr'>praedefiniendo</span> <span class='ocrx_word' id='word_1_491' title='bbox 2362 1670 2425 1731; x_wconf 89' lang='lat' dir='ltr'>id</span> <span class='ocrx_word' id='word_1_492' title='bbox 2453 1672 2605 1743; x_wconf 87' lang='lat' dir='ltr'>vult,</span> <span class='ocrx_word' id='word_1_493' title='bbox 2636 1688 2897 1731; x_wconf 87' lang='lat' dir='ltr'>necesse</span> <span class='ocrx_word' id='word_1_494' title='bbox 2930 1672 3025 1731; x_wconf 85' lang='lat' dir='ltr'>est</span> <span class='ocrx_word' id='word_1_495' title='bbox 3068 1675 3139 1729; x_wconf 88' lang='lat' dir='ltr'>ut</span> <span class='ocrx_word' id='word_1_496' title='bbox 3174 1668 3398 1729; x_wconf 89' lang='lat' dir='ltr'>hones-</span> 
     </span>
     <span class='ocr_line' id='line_1_71' title="bbox 1841 1762 2815 1825; baseline -0.003 0"><span class='ocrx_word' id='word_1_497' title='bbox 1841 1770 1969 1825; x_wconf 89' lang='lat' dir='ltr'>tam</span> <span class='ocrx_word' id='word_1_498' title='bbox 2008 1764 2279 1825; x_wconf 87' lang='lat' dir='ltr'>hominis</span> <span class='ocrx_word' id='word_1_499' title='bbox 2310 1764 2620 1825; x_wconf 86' lang='lat' dir='ltr'>actionem</span> <span class='ocrx_word' id='word_1_500' title='bbox 2648 1762 2815 1824; x_wconf 77' lang='lat' dir='ltr'>velit.</span> 
     </span>
    </p>
   </div>
   <div class='ocr_carea' id='block_1_5' title="bbox 1845 2008 3403 2265">
    <p class='ocr_par' dir='ltr' id='par_1_6' title="bbox 1845 2008 3403 2265">
     <span class='ocr_line' id='line_1_72' title="bbox 1845 2008 3402 2093; baseline -0.004 -18"><span class='ocrx_word' id='word_1_501' title='bbox 1845 2012 1991 2087; x_wconf 75' lang='lat' dir='ltr'>Quoe</span> <span class='ocrx_word' id='word_1_502' title='bbox 2030 2013 2116 2075; x_wconf 75' lang='lat' dir='ltr'>sit</span> <span class='ocrx_word' id='word_1_503' title='bbox 2162 2012 2329 2093; x_wconf 68' lang='lat' dir='ltr'>oriyo</span> <span class='ocrx_word' id='word_1_504' title='bbox 2366 2010 2745 2075; x_wconf 73' lang='lat' dir='ltr'>necessitatis</span> <span class='ocrx_word' id='word_1_505' title='bbox 2786 2010 2985 2091; x_wconf 77' lang='lat' dir='ltr'>quoad</span> <span class='ocrx_word' id='word_1_506' title='bbox 3014 2008 3402 2092; x_wconf 70' lang='lat' dir='ltr'>specificatio-</span> 
     </span>
     <span class='ocr_line' id='line_1_73' title="bbox 1919 2102 3403 2188; baseline -0.001 -21"><span class='ocrx_word' id='word_1_507' title='bbox 1919 2125 2055 2170; x_wconf 75' lang='lat' dir='ltr'>mm</span> <span class='ocrx_word' id='word_1_508' title='bbox 2100 2108 2169 2169; x_wconf 71' lang='lat' dir='ltr'>iu</span> <span class='ocrx_word' id='word_1_509' title='bbox 2196 2106 2549 2188; x_wconf 66' lang='lat' dir='ltr'>quibusdam</span> <span class='ocrx_word' id='word_1_510' title='bbox 2596 2106 2828 2169; x_wconf 70' lang='lat' dir='ltr'>actibus</span> <span class='ocrx_word' id='word_1_511' title='bbox 2862 2102 3083 2169; x_wconf 74' lang='lat' dir='ltr'>divim</span> <span class='ocrx_word' id='word_1_512' title='bbox 3121 2104 3403 2167; x_wconf 71' lang='lat' dir='ltr'>voluuta-</span> 
     </span>
     <span class='ocr_line' id='line_1_74' title="bbox 1914 2200 2017 2265; baseline 0 -1"><span class='ocrx_word' id='word_1_513' title='bbox 1914 2200 2017 2265; x_wconf 73' lang='lat' dir='ltr'>tis.</span> 
     </span>
    </p>
   </div>
   <div class='ocr_carea' id='block_1_6' title="bbox 1836 2412 3411 5678">
    <p class='ocr_par' dir='ltr' id='par_1_7' title="bbox 1836 2412 3411 5678">
     <span class='ocr_line' id='line_1_75' title="bbox 1925 2412 3402 2495; baseline -0.001 -21"><span class='ocrx_word' id='word_1_514' title='bbox 1925 2416 1982 2474; x_wconf 86' lang='lat'>7.</span> <span class='ocrx_word' id='word_1_515' title='bbox 2029 2416 2230 2493; x_wconf 83' lang='lat' dir='ltr'>Atque</span> <span class='ocrx_word' id='word_1_516' title='bbox 2278 2413 2411 2475; x_wconf 82' lang='lat' dir='ltr'>hoec</span> <span class='ocrx_word' id='word_1_517' title='bbox 2444 2414 2787 2476; x_wconf 87' lang='lat' dir='ltr'>necessitas</span> <span class='ocrx_word' id='word_1_518' title='bbox 2836 2414 3045 2495; x_wconf 89' lang='lat' dir='ltr'>quoad</span> <span class='ocrx_word' id='word_1_519' title='bbox 3087 2412 3402 2493; x_wconf 86' lang='lat' dir='ltr'>specifica-</span> 
     </span>
     <span class='ocr_line' id='line_1_76' title="bbox 1839 2505 3404 2587; baseline -0.001 -18"><span class='ocrx_word' id='word_1_520' title='bbox 1839 2508 2076 2569; x_wconf 85' lang='lat' dir='ltr'>tionem</span> <span class='ocrx_word' id='word_1_521' title='bbox 2122 2507 2343 2567; x_wconf 88' lang='lat' dir='ltr'>nonin</span> <span class='ocrx_word' id='word_1_522' title='bbox 2383 2525 2458 2568; x_wconf 89' lang='lat' dir='ltr'>eo</span> <span class='ocrx_word' id='word_1_523' title='bbox 2500 2506 2825 2583; x_wconf 86' lang='lat' dir='ltr'>fundatur,</span> <span class='ocrx_word' id='word_1_524' title='bbox 2873 2508 3043 2587; x_wconf 91' lang='lat' dir='ltr'>quod</span> <span class='ocrx_word' id='word_1_525' title='bbox 3072 2508 3237 2567; x_wconf 89' lang='lat' dir='ltr'>Deus</span> <span class='ocrx_word' id='word_1_526' title='bbox 3289 2505 3404 2567; x_wconf 87' lang='lat' dir='ltr'>ali.-</span> 
     </span>
     <span class='ocr_line' id='line_1_77' title="bbox 1841 2600 3404 2681; baseline 0.001 -21"><span class='ocrx_word' id='word_1_527' title='bbox 1841 2619 1966 2679; x_wconf 91' lang='lat' dir='ltr'>quo</span> <span class='ocrx_word' id='word_1_528' title='bbox 2004 2601 2171 2662; x_wconf 90' lang='lat' dir='ltr'>hono</span> <span class='ocrx_word' id='word_1_529' title='bbox 2216 2607 2387 2661; x_wconf 84' lang='lat' dir='ltr'>extra</span> <span class='ocrx_word' id='word_1_530' title='bbox 2421 2620 2489 2661; x_wconf 90' lang='lat' dir='ltr'>se</span> <span class='ocrx_word' id='word_1_531' title='bbox 2520 2601 2797 2681; x_wconf 85' lang='lat' dir='ltr'>indigeat</span> <span class='ocrx_word' id='word_1_532' title='bbox 2824 2601 2906 2661; x_wconf 91' lang='lat' dir='ltr'>ad</span> <span class='ocrx_word' id='word_1_533' title='bbox 2934 2618 3113 2662; x_wconf 89' lang='lat' dir='ltr'>suam</span> <span class='ocrx_word' id='word_1_534' title='bbox 3142 2600 3404 2661; x_wconf 87' lang='lat' dir='ltr'>beatitu-</span> 
     </span>
     <span class='ocr_line' id='line_1_78' title="bbox 1840 2694 3401 2767; baseline -0.001 -10"><span class='ocrx_word' id='word_1_535' title='bbox 1840 2696 2049 2757; x_wconf 86' lang='lat' dir='ltr'>dinem</span> <span class='ocrx_word' id='word_1_536' title='bbox 2078 2740 2093 2767; x_wconf 93' lang='lat'>,</span> <span class='ocrx_word' id='word_1_537' title='bbox 2127 2694 2237 2755; x_wconf 85' lang='lat' dir='ltr'>sed</span> <span class='ocrx_word' id='word_1_538' title='bbox 2284 2696 2349 2757; x_wconf 92' lang='lat' dir='ltr'>in</span> <span class='ocrx_word' id='word_1_539' title='bbox 2402 2696 2715 2757; x_wconf 85' lang='lat' dir='ltr'>essentiali</span> <span class='ocrx_word' id='word_1_540' title='bbox 2762 2694 3133 2758; x_wconf 89' lang='lat' dir='ltr'>rectitudine</span> <span class='ocrx_word' id='word_1_541' title='bbox 3176 2694 3401 2755; x_wconf 84' lang='lat' dir='ltr'>divinae</span> 
     </span>
     <span class='ocr_line' id='line_1_79' title="bbox 1836 2787 3403 2869; baseline -0.001 -20"><span class='ocrx_word' id='word_1_542' title='bbox 1836 2787 2194 2861; x_wconf 83' lang='lat' dir='ltr'>voluntatiS‚</span> <span class='ocrx_word' id='word_1_543' title='bbox 2228 2795 2556 2869; x_wconf 87' lang='lat' dir='ltr'>potestque</span> <span class='ocrx_word' id='word_1_544' title='bbox 2583 2789 2797 2851; x_wconf 91' lang='lat' dir='ltr'>reduci</span> <span class='ocrx_word' id='word_1_545' title='bbox 2832 2790 2911 2849; x_wconf 89' lang='lat' dir='ltr'>ad</span> <span class='ocrx_word' id='word_1_546' title='bbox 2936 2788 3275 2869; x_wconf 87' lang='lat' dir='ltr'>quamdam</span> <span class='ocrx_word' id='word_1_547' title='bbox 3297 2787 3403 2848; x_wconf 85' lang='lat' dir='ltr'>ad-</span> 
     </span>
     <span class='ocr_line' id='line_1_80' title="bbox 1837 2880 3401 2963; baseline -0.003 -20"><span class='ocrx_word' id='word_1_548' title='bbox 1837 2882 2251 2961; x_wconf 81' lang='lat' dir='ltr'>oequationem</span> <span class='ocrx_word' id='word_1_549' title='bbox 2288 2882 2511 2961; x_wconf 89' lang='lat' dir='ltr'>objecti</span> <span class='ocrx_word' id='word_1_550' title='bbox 2567 2890 2628 2945; x_wconf 91' lang='lat' dir='ltr'>et</span> <span class='ocrx_word' id='word_1_551' title='bbox 2673 2884 2989 2963; x_wconf 84' lang='lat' dir='ltr'>potentiae.</span> <span class='ocrx_word' id='word_1_552' title='bbox 3033 2882 3193 2943; x_wconf 88' lang='lat' dir='ltr'>Illud</span> <span class='ocrx_word' id='word_1_553' title='bbox 3236 2880 3401 2941; x_wconf 90' lang='lat' dir='ltr'>enim</span> 
     </span>
     <span class='ocr_line' id='line_1_81' title="bbox 1840 2976 3404 3057; baseline -0.001 -20"><span class='ocrx_word' id='word_1_554' title='bbox 1840 2976 2091 3037; x_wconf 86' lang='lat' dir='ltr'>axioma</span> <span class='ocrx_word' id='word_1_555' title='bbox 2129 2977 2659 3056; x_wconf 80' lang='lat' dir='ltr'>philosophicum,</span> <span class='ocrx_word' id='word_1_556' title='bbox 2680 2978 3024 3057; x_wconf 86' lang='lat' dir='ltr'>potentiam</span> <span class='ocrx_word' id='word_1_557' title='bbox 3068 2976 3166 3037; x_wconf 85' lang='lat' dir='ltr'>vel</span> <span class='ocrx_word' id='word_1_558' title='bbox 3196 2980 3404 3036; x_wconf 89' lang='lat' dir='ltr'>actum</span> 
     </span>
     <span class='ocr_line' id='line_1_82' title="bbox 1845 3070 3405 3151; baseline 0 -21"><span class='ocrx_word' id='word_1_559' title='bbox 1845 3070 1983 3150; x_wconf 88' lang='lat' dir='ltr'>ejus</span> <span class='ocrx_word' id='word_1_560' title='bbox 2022 3088 2150 3132; x_wconf 89' lang='lat' dir='ltr'>non</span> <span class='ocrx_word' id='word_1_561' title='bbox 2200 3088 2389 3150; x_wconf 90' lang='lat' dir='ltr'>posse</span> <span class='ocrx_word' id='word_1_562' title='bbox 2444 3070 2591 3132; x_wconf 84' lang='lat' dir='ltr'>ferri</span> <span class='ocrx_word' id='word_1_563' title='bbox 2630 3077 2801 3133; x_wconf 76' lang='lat' dir='ltr'>extra</span> <span class='ocrx_word' id='word_1_564' title='bbox 2858 3070 3174 3151; x_wconf 86' lang='lat' dir='ltr'>objectum</span> <span class='ocrx_word' id='word_1_565' title='bbox 3220 3087 3405 3130; x_wconf 89' lang='lat' dir='ltr'>suum</span> 
     </span>
     <span class='ocr_line' id='line_1_83' title="bbox 1843 3164 3401 3244; baseline -0.002 -19"><span class='ocrx_word' id='word_1_566' title='bbox 1843 3165 2267 3244; x_wconf 69' lang='lat' dir='ltr'>adaequatum,</span> <span class='ocrx_word' id='word_1_567' title='bbox 2298 3164 2567 3227; x_wconf 88' lang='lat' dir='ltr'>etiamin</span> <span class='ocrx_word' id='word_1_568' title='bbox 2594 3165 2803 3226; x_wconf 83' lang='lat' dir='ltr'>divina</span> <span class='ocrx_word' id='word_1_569' title='bbox 2834 3165 3151 3226; x_wconf 84' lang='lat' dir='ltr'>voluntate</span> <span class='ocrx_word' id='word_1_570' title='bbox 3180 3181 3401 3224; x_wconf 86' lang='lat' dir='ltr'>verum</span> 
     </span>
     <span class='ocr_line' id='line_1_84' title="bbox 1845 3258 3403 3338; baseline -0.001 -20"><span class='ocrx_word' id='word_1_571' title='bbox 1845 3259 2053 3320; x_wconf 87' lang='lat' dir='ltr'>habet.</span> <span class='ocrx_word' id='word_1_572' title='bbox 2088 3259 2415 3338; x_wconf 84' lang='lat' dir='ltr'>Objectum</span> <span class='ocrx_word' id='word_1_573' title='bbox 2436 3265 2647 3320; x_wconf 89' lang='lat' dir='ltr'>autem</span> <span class='ocrx_word' id='word_1_574' title='bbox 2676 3259 3076 3337; x_wconf 82' lang='lat' dir='ltr'>adaequatum</span> <span class='ocrx_word' id='word_1_575' title='bbox 3110 3258 3273 3318; x_wconf 90' lang='lat' dir='ltr'>illius</span> <span class='ocrx_word' id='word_1_576' title='bbox 3294 3275 3403 3317; x_wconf 81' lang='lat' dir='ltr'>vo-</span> 
     </span>
     <span class='ocr_line' id='line_1_85' title="bbox 1841 3351 3404 3431; baseline -0.002 -19"><span class='ocrx_word' id='word_1_577' title='bbox 1841 3353 2097 3414; x_wconf 85' lang='lat' dir='ltr'>luntatis</span> <span class='ocrx_word' id='word_1_578' title='bbox 2140 3351 2450 3430; x_wconf 81' lang='lat' dir='ltr'>assignari</span> <span class='ocrx_word' id='word_1_579' title='bbox 2501 3357 2707 3431; x_wconf 87' lang='lat' dir='ltr'>potest</span> <span class='ocrx_word' id='word_1_580' title='bbox 2738 3398 2753 3426; x_wconf 95' lang='lat'>,</span> <span class='ocrx_word' id='word_1_581' title='bbox 2809 3351 2907 3413; x_wconf 85' lang='lat' dir='ltr'>vel</span> <span class='ocrx_word' id='word_1_582' title='bbox 2972 3351 3105 3412; x_wconf 90' lang='lat' dir='ltr'>sola</span> <span class='ocrx_word' id='word_1_583' title='bbox 3160 3351 3404 3412; x_wconf 86' lang='lat' dir='ltr'>bonitas</span> 
     </span>
     <span class='ocr_line' id='line_1_86' title="bbox 1845 3445 3401 3526; baseline -0.002 -20"><span class='ocrx_word' id='word_1_584' title='bbox 1845 3447 2009 3526; x_wconf 80' lang='lat' dir='ltr'>ejuS,</span> <span class='ocrx_word' id='word_1_585' title='bbox 2045 3447 2099 3507; x_wconf 89' lang='lat' dir='ltr'>si</span> <span class='ocrx_word' id='word_1_586' title='bbox 2128 3446 2206 3507; x_wconf 92' lang='lat' dir='ltr'>de</span> <span class='ocrx_word' id='word_1_587' title='bbox 2234 3446 2485 3506; x_wconf 84' lang='lat' dir='ltr'>formali</span> <span class='ocrx_word' id='word_1_588' title='bbox 2519 3447 2764 3526; x_wconf 86' lang='lat' dir='ltr'>objecto</span> <span class='ocrx_word' id='word_1_589' title='bbox 2809 3447 2888 3508; x_wconf 89' lang='lat' dir='ltr'>sit</span> <span class='ocrx_word' id='word_1_590' title='bbox 2934 3463 3166 3518; x_wconf 80' lang='lat' dir='ltr'>sermn,</span> <span class='ocrx_word' id='word_1_591' title='bbox 3211 3445 3356 3524; x_wconf 87' lang='lat' dir='ltr'>quia</span> <span class='ocrx_word' id='word_1_592' title='bbox 3386 3489 3401 3517; x_wconf 91' lang='lat'>,</span> 
     </span>
     <span class='ocr_line' id='line_1_87' title="bbox 1843 3539 3404 3620; baseline -0.001 -20"><span class='ocrx_word' id='word_1_593' title='bbox 1843 3545 1914 3601; x_wconf 93' lang='lat' dir='ltr'>ut</span> <span class='ocrx_word' id='word_1_594' title='bbox 1946 3557 2129 3618; x_wconf 87' lang='lat' dir='ltr'>supra</span> <span class='ocrx_word' id='word_1_595' title='bbox 2165 3539 2550 3614; x_wconf 88' lang='lat' dir='ltr'>dicebamus,</span> <span class='ocrx_word' id='word_1_596' title='bbox 2580 3540 2731 3601; x_wconf 87' lang='lat' dir='ltr'>nihil</span> <span class='ocrx_word' id='word_1_597' title='bbox 2759 3542 2986 3620; x_wconf 87' lang='lat' dir='ltr'>potest,</span> <span class='ocrx_word' id='word_1_598' title='bbox 3018 3539 3137 3600; x_wconf 90' lang='lat' dir='ltr'>nisi</span> <span class='ocrx_word' id='word_1_599' title='bbox 3164 3539 3404 3600; x_wconf 84' lang='lat' dir='ltr'>ratione</span> 
     </span>
     <span class='ocr_line' id='line_1_88' title="bbox 1846 3631 3407 3710; baseline -0.004 -16"><span class='ocrx_word' id='word_1_600' title='bbox 1846 3651 1975 3694; x_wconf 82' lang='lat' dir='ltr'>suae</span> <span class='ocrx_word' id='word_1_601' title='bbox 2004 3631 2323 3708; x_wconf 87' lang='lat' dir='ltr'>bonitatis,</span> <span class='ocrx_word' id='word_1_602' title='bbox 2364 3634 2465 3694; x_wconf 79' lang='lat' dir='ltr'>vel</span> <span class='ocrx_word' id='word_1_603' title='bbox 2494 3633 2555 3694; x_wconf 93' lang='lat' dir='ltr'>in</span> <span class='ocrx_word' id='word_1_604' title='bbox 2596 3633 2815 3694; x_wconf 83' lang='lat' dir='ltr'>ordine</span> <span class='ocrx_word' id='word_1_605' title='bbox 2846 3633 2927 3694; x_wconf 90' lang='lat' dir='ltr'>ad</span> <span class='ocrx_word' id='word_1_606' title='bbox 2953 3633 3164 3709; x_wconf 88' lang='lat' dir='ltr'>illam;</span> <span class='ocrx_word' id='word_1_607' title='bbox 3203 3635 3407 3710; x_wconf 90' lang='lat' dir='ltr'>potest</span> 
     </span>
     <span class='ocr_line' id='line_1_89' title="bbox 1847 3725 3408 3806; baseline -0.002 -20"><span class='ocrx_word' id='word_1_608' title='bbox 1847 3725 2035 3786; x_wconf 88' lang='lat' dir='ltr'>etiam</span> <span class='ocrx_word' id='word_1_609' title='bbox 2077 3725 2195 3786; x_wconf 91' lang='lat' dir='ltr'>dici</span> <span class='ocrx_word' id='word_1_610' title='bbox 2239 3726 2553 3806; x_wconf 89' lang='lat' dir='ltr'>objectum</span> <span class='ocrx_word' id='word_1_611' title='bbox 2595 3726 2752 3786; x_wconf 90' lang='lat' dir='ltr'>illud</span> <span class='ocrx_word' id='word_1_612' title='bbox 2776 3744 2913 3788; x_wconf 87' lang='lat' dir='ltr'>esse</span> <span class='ocrx_word' id='word_1_613' title='bbox 2954 3727 3191 3787; x_wconf 90' lang='lat' dir='ltr'>bonum</span> <span class='ocrx_word' id='word_1_614' title='bbox 3235 3741 3408 3784; x_wconf 90' lang='lat' dir='ltr'>ama-</span> 
     </span>
     <span class='ocr_line' id='line_1_90' title="bbox 1841 3817 3408 3901; baseline -0.001 -21"><span class='ocrx_word' id='word_1_615' title='bbox 1841 3819 1969 3880; x_wconf 87' lang='lat' dir='ltr'>bile</span> <span class='ocrx_word' id='word_1_616' title='bbox 2000 3819 2347 3880; x_wconf 91' lang='lat' dir='ltr'>secundum</span> <span class='ocrx_word' id='word_1_617' title='bbox 2388 3821 2639 3901; x_wconf 85' lang='lat' dir='ltr'>regulas</span> <span class='ocrx_word' id='word_1_618' title='bbox 2681 3820 2903 3882; x_wconf 82' lang='lat' dir='ltr'>divinae</span> <span class='ocrx_word' id='word_1_619' title='bbox 2950 3817 3294 3898; x_wconf 61' lang='lat' dir='ltr'>sapientias,</span> <span class='ocrx_word' id='word_1_620' title='bbox 3346 3823 3408 3879; x_wconf 88' lang='lat' dir='ltr'>et</span> 
     </span>
     <span class='ocr_line' id='line_1_91' title="bbox 1845 3912 3409 3993; baseline -0.003 -19"><span class='ocrx_word' id='word_1_621' title='bbox 1845 3913 2165 3974; x_wconf 88' lang='lat' dir='ltr'>conforme</span> <span class='ocrx_word' id='word_1_622' title='bbox 2231 3913 2459 3975; x_wconf 83' lang='lat' dir='ltr'>rationi</span> <span class='ocrx_word' id='word_1_623' title='bbox 2512 3919 2701 3975; x_wconf 82' lang='lat' dir='ltr'>rectae</span> <span class='ocrx_word' id='word_1_624' title='bbox 2743 3931 2858 3993; x_wconf 88' lang='lat' dir='ltr'>per</span> <span class='ocrx_word' id='word_1_625' title='bbox 2918 3912 3290 3985; x_wconf 87' lang='lat' dir='ltr'>essentiam;</span> <span class='ocrx_word' id='word_1_626' title='bbox 3346 3915 3409 3971; x_wconf 89' lang='lat' dir='ltr'>et</span> 
     </span>
     <span class='ocr_line' id='line_1_92' title="bbox 1847 4005 3407 4086; baseline -0.001 -20"><span class='ocrx_word' id='word_1_627' title='bbox 1847 4013 2113 4084; x_wconf 89' lang='lat' dir='ltr'>utroque</span> <span class='ocrx_word' id='word_1_628' title='bbox 2160 4007 2369 4081; x_wconf 88' lang='lat' dir='ltr'>mod0,</span> <span class='ocrx_word' id='word_1_629' title='bbox 2410 4025 2487 4068; x_wconf 81' lang='lat' dir='ltr'>ex</span> <span class='ocrx_word' id='word_1_630' title='bbox 2512 4007 2621 4068; x_wconf 89' lang='lat' dir='ltr'>tali</span> <span class='ocrx_word' id='word_1_631' title='bbox 2655 4007 2899 4086; x_wconf 85' lang='lat' dir='ltr'>objecto</span> <span class='ocrx_word' id='word_1_632' title='bbox 2930 4005 3259 4083; x_wconf 77' lang='lat' dir='ltr'>adaequato</span> <span class='ocrx_word' id='word_1_633' title='bbox 3308 4021 3407 4064; x_wconf 88' lang='lat' dir='ltr'>se-</span> 
     </span>
     <span class='ocr_line' id='line_1_93' title="bbox 1845 4098 3399 4180; baseline -0.001 -21"><span class='ocrx_word' id='word_1_634' title='bbox 1845 4101 2062 4179; x_wconf 85' lang='lat' dir='ltr'>quitur</span> <span class='ocrx_word' id='word_1_635' title='bbox 2088 4099 2191 4160; x_wconf 82' lang='lat' dir='ltr'>illa</span> <span class='ocrx_word' id='word_1_636' title='bbox 2228 4101 2567 4162; x_wconf 87' lang='lat' dir='ltr'>necessitas</span> <span class='ocrx_word' id='word_1_637' title='bbox 2614 4099 2823 4180; x_wconf 89' lang='lat' dir='ltr'>quoad</span> <span class='ocrx_word' id='word_1_638' title='bbox 2850 4098 3399 4178; x_wconf 87' lang='lat' dir='ltr'>specificationem,</span> 
     </span>
     <span class='ocr_line' id='line_1_94' title="bbox 1846 4191 3402 4274; baseline -0.003 -20"><span class='ocrx_word' id='word_1_639' title='bbox 1846 4195 1993 4274; x_wconf 88' lang='lat' dir='ltr'>quia</span> <span class='ocrx_word' id='word_1_640' title='bbox 2030 4193 2335 4272; x_wconf 90' lang='lat' dir='ltr'>quidquid</span> <span class='ocrx_word' id='word_1_641' title='bbox 2372 4201 2467 4256; x_wconf 85' lang='lat' dir='ltr'>est</span> <span class='ocrx_word' id='word_1_642' title='bbox 2502 4200 2673 4255; x_wconf 83' lang='lat' dir='ltr'>extra</span> <span class='ocrx_word' id='word_1_643' title='bbox 2714 4194 3059 4255; x_wconf 85' lang='lat' dir='ltr'>bonitatem</span> <span class='ocrx_word' id='word_1_644' title='bbox 3104 4191 3402 4263; x_wconf 87' lang='lat' dir='ltr'>divinam,</span> 
     </span>
     <span class='ocr_line' id='line_1_95' title="bbox 1846 4285 3409 4366; baseline -0.003 -17"><span class='ocrx_word' id='word_1_645' title='bbox 1846 4294 1910 4349; x_wconf 88' lang='lat' dir='ltr'>et</span> <span class='ocrx_word' id='word_1_646' title='bbox 1938 4288 2286 4348; x_wconf 90' lang='lat' dir='ltr'>secundum</span> <span class='ocrx_word' id='word_1_647' title='bbox 2324 4287 2761 4349; x_wconf 88' lang='lat' dir='ltr'>rectitudinem</span> <span class='ocrx_word' id='word_1_648' title='bbox 2790 4285 3109 4366; x_wconf 83' lang='lat' dir='ltr'>sapientiae</span> <span class='ocrx_word' id='word_1_649' title='bbox 3140 4286 3275 4365; x_wconf 88' lang='lat' dir='ltr'>ejus</span> <span class='ocrx_word' id='word_1_650' title='bbox 3307 4303 3409 4344; x_wconf 91' lang='lat' dir='ltr'>or-</span> 
     </span>
     <span class='ocr_line' id='line_1_96' title="bbox 1847 4379 3407 4459; baseline -0.003 -18"><span class='ocrx_word' id='word_1_651' title='bbox 1847 4379 2053 4442; x_wconf 89' lang='lat' dir='ltr'>dinari</span> <span class='ocrx_word' id='word_1_652' title='bbox 2093 4399 2221 4441; x_wconf 89' lang='lat' dir='ltr'>non</span> <span class='ocrx_word' id='word_1_653' title='bbox 2251 4385 2454 4459; x_wconf 86' lang='lat' dir='ltr'>potest</span> <span class='ocrx_word' id='word_1_654' title='bbox 2480 4379 2545 4440; x_wconf 91' lang='lat' dir='ltr'>in</span> <span class='ocrx_word' id='word_1_655' title='bbox 2569 4381 2763 4452; x_wconf 83' lang='lat' dir='ltr'>illam,</span> <span class='ocrx_word' id='word_1_656' title='bbox 2798 4379 3053 4440; x_wconf 88' lang='lat' dir='ltr'>omnino</span> <span class='ocrx_word' id='word_1_657' title='bbox 3094 4383 3191 4440; x_wconf 85' lang='lat' dir='ltr'>est</span> <span class='ocrx_word' id='word_1_658' title='bbox 3232 4382 3407 4439; x_wconf 86' lang='lat' dir='ltr'>extra</span> 
     </span>
     <span class='ocr_line' id='line_1_97' title="bbox 1849 4472 3409 4554; baseline -0.002 -20"><span class='ocrx_word' id='word_1_659' title='bbox 1849 4475 2163 4554; x_wconf 89' lang='lat' dir='ltr'>objectum</span> <span class='ocrx_word' id='word_1_660' title='bbox 2210 4474 2546 4535; x_wconf 83' lang='lat' dir='ltr'>voluntatis</span> <span class='ocrx_word' id='word_1_661' title='bbox 2594 4475 2750 4554; x_wconf 89' lang='lat' dir='ltr'>ejus.</span> <span class='ocrx_word' id='word_1_662' title='bbox 2790 4473 2967 4546; x_wconf 88' lang='lat' dir='ltr'>Quod</span> <span class='ocrx_word' id='word_1_663' title='bbox 2996 4472 3248 4553; x_wconf 79' lang='lat' dir='ltr'>egregie</span> <span class='ocrx_word' id='word_1_664' title='bbox 3293 4489 3409 4532; x_wconf 93' lang='lat' dir='ltr'>no-</span> 
     </span>
     <span class='ocr_line' id='line_1_98' title="bbox 1846 4565 3410 4644; baseline -0.003 -14"><span class='ocrx_word' id='word_1_665' title='bbox 1846 4568 1946 4630; x_wconf 85' lang='lat' dir='ltr'>bis</span> <span class='ocrx_word' id='word_1_666' title='bbox 1996 4567 2273 4629; x_wconf 87' lang='lat' dir='ltr'>declarat</span> <span class='ocrx_word' id='word_1_667' title='bbox 2322 4567 2590 4628; x_wconf 85' lang='lat' dir='ltr'>charitas</span> <span class='ocrx_word' id='word_1_668' title='bbox 2622 4567 2805 4628; x_wconf 90' lang='lat' dir='ltr'>nobis</span> <span class='ocrx_word' id='word_1_669' title='bbox 2841 4565 3070 4641; x_wconf 84' lang='lat' dir='ltr'>infusa,</span> <span class='ocrx_word' id='word_1_670' title='bbox 3116 4583 3257 4644; x_wconf 81' lang='lat' dir='ltr'>quae</span> <span class='ocrx_word' id='word_1_671' title='bbox 3315 4570 3410 4626; x_wconf 85' lang='lat' dir='ltr'>est</span> 
     </span>
     <span class='ocr_line' id='line_1_99' title="bbox 1848 4659 3409 4740; baseline -0.002 -19"><span class='ocrx_word' id='word_1_672' title='bbox 1848 4660 2237 4722; x_wconf 87' lang='lat' dir='ltr'>nobilissima</span> <span class='ocrx_word' id='word_1_673' title='bbox 2275 4659 2568 4739; x_wconf 82' lang='lat' dir='ltr'>quaedam</span> <span class='ocrx_word' id='word_1_674' title='bbox 2594 4659 2981 4740; x_wconf 84' lang='lat' dir='ltr'>participatio</span> <span class='ocrx_word' id='word_1_675' title='bbox 3023 4659 3409 4721; x_wconf 82' lang='lat' dir='ltr'>rectitudinis</span> 
     </span>
     <span class='ocr_line' id='line_1_100' title="bbox 1849 4752 3406 4833; baseline -0.001 -19"><span class='ocrx_word' id='word_1_676' title='bbox 1849 4755 2075 4814; x_wconf 83' lang='lat' dir='ltr'>divinae</span> <span class='ocrx_word' id='word_1_677' title='bbox 2108 4753 2467 4828; x_wconf 82' lang='lat' dir='ltr'>voluntatiS,</span> <span class='ocrx_word' id='word_1_678' title='bbox 2504 4761 2567 4815; x_wconf 89' lang='lat' dir='ltr'>et</span> <span class='ocrx_word' id='word_1_679' title='bbox 2596 4754 2737 4816; x_wconf 91' lang='lat' dir='ltr'>ideo</span> <span class='ocrx_word' id='word_1_680' title='bbox 2772 4752 2877 4816; x_wconf 82' lang='lat' dir='ltr'>vel</span> <span class='ocrx_word' id='word_1_681' title='bbox 2918 4772 3047 4814; x_wconf 90' lang='lat' dir='ltr'>non</span> <span class='ocrx_word' id='word_1_682' title='bbox 3090 4759 3406 4833; x_wconf 84' lang='lat' dir='ltr'>operatur,</span> 
     </span>
     <span class='ocr_line' id='line_1_101' title="bbox 1847 4847 3409 4929; baseline -0.001 -21"><span class='ocrx_word' id='word_1_683' title='bbox 1847 4847 1946 4908; x_wconf 85' lang='lat' dir='ltr'>vel</span> <span class='ocrx_word' id='word_1_684' title='bbox 1976 4847 2025 4908; x_wconf 92' lang='lat' dir='ltr'>si</span> <span class='ocrx_word' id='word_1_685' title='bbox 2068 4847 2133 4908; x_wconf 90' lang='lat' dir='ltr'>in</span> <span class='ocrx_word' id='word_1_686' title='bbox 2166 4853 2374 4907; x_wconf 89' lang='lat' dir='ltr'>actum</span> <span class='ocrx_word' id='word_1_687' title='bbox 2412 4847 2638 4926; x_wconf 91' lang='lat' dir='ltr'>prodit,</span> <span class='ocrx_word' id='word_1_688' title='bbox 2670 4867 2799 4909; x_wconf 91' lang='lat' dir='ltr'>non</span> <span class='ocrx_word' id='word_1_689' title='bbox 2828 4853 3036 4929; x_wconf 88' lang='lat' dir='ltr'>potest</span> <span class='ocrx_word' id='word_1_690' title='bbox 3080 4847 3200 4907; x_wconf 88' lang='lat' dir='ltr'>nisi</span> <span class='ocrx_word' id='word_1_691' title='bbox 3239 4851 3409 4907; x_wconf 84' lang='lat' dir='ltr'>recte</span> 
     </span>
     <span class='ocr_line' id='line_1_102' title="bbox 1849 4938 3409 5019; baseline 0.001 -20"><span class='ocrx_word' id='word_1_692' title='bbox 1849 4957 2083 5014; x_wconf 88' lang='lat' dir='ltr'>amare,</span> <span class='ocrx_word' id='word_1_693' title='bbox 2113 4940 2291 5019; x_wconf 82' lang='lat' dir='ltr'>juxta</span> <span class='ocrx_word' id='word_1_694' title='bbox 2320 4938 2473 5001; x_wconf 91' lang='lat' dir='ltr'>illud</span> <span class='ocrx_word' id='word_1_695' title='bbox 2511 4944 2540 5001; x_wconf 94' lang='grc'><strong>1</strong></span> <span class='ocrx_word' id='word_1_696' title='bbox 2574 4942 2802 5003; x_wconf 85' lang='lat' dir='ltr'>Joann.</span> <span class='ocrx_word' id='word_1_697' title='bbox 2832 4944 2903 5004; x_wconf 87' lang='lat'>3:</span> <span class='ocrx_word' id='word_1_698' title='bbox 2948 4939 3068 5015; x_wconf 71' lang='lat' dir='ltr'>Qui</span> <span class='ocrx_word' id='word_1_699' title='bbox 3096 4945 3279 5003; x_wconf 73' lang='lat' dir='ltr'>natus</span> <span class='ocrx_word' id='word_1_700' title='bbox 3320 4943 3409 5002; x_wconf 75' lang='lat' dir='ltr'>est</span> 
     </span>
     <span class='ocr_line' id='line_1_103' title="bbox 1848 5032 3411 5115; baseline 0.001 -19"><span class='ocrx_word' id='word_1_701' title='bbox 1848 5051 1922 5096; x_wconf 71' lang='lat' dir='ltr'>ex</span> <span class='ocrx_word' id='word_1_702' title='bbox 1948 5033 2093 5106; x_wconf 81' lang='lat' dir='ltr'>Deo,</span> <span class='ocrx_word' id='word_1_703' title='bbox 2139 5051 2257 5096; x_wconf 77' lang='lat' dir='ltr'>non</span> <span class='ocrx_word' id='word_1_704' title='bbox 2280 5037 2511 5115; x_wconf 79' lang='lat' dir='ltr'>peccat,</span> <span class='ocrx_word' id='word_1_705' title='bbox 2543 5037 2690 5114; x_wconf 79' lang='lat' dir='ltr'>quia</span> <span class='ocrx_word' id='word_1_706' title='bbox 2738 5051 2932 5098; x_wconf 72' lang='lat' dir='ltr'>semen</span> <span class='ocrx_word' id='word_1_707' title='bbox 2970 5032 3170 5115; x_wconf 71' lang='lat' dir='ltr'>ipsius</span> <span class='ocrx_word' id='word_1_708' title='bbox 3208 5039 3411 5097; x_wconf 78' lang='lat' dir='ltr'>manet</span> 
     </span>
     <span class='ocr_line' id='line_1_104' title="bbox 1846 5127 3410 5210; baseline -0.001 -21"><span class='ocrx_word' id='word_1_709' title='bbox 1846 5127 1913 5189; x_wconf 77' lang='lat' dir='ltr'>in</span> <span class='ocrx_word' id='word_1_710' title='bbox 1944 5145 2006 5189; x_wconf 84' lang='lat' dir='ltr'>eo</span> <span class='ocrx_word' id='word_1_711' title='bbox 2024 5151 2047 5198; x_wconf 89' lang='lat'><em>;</em></span> <span class='ocrx_word' id='word_1_712' title='bbox 2078 5129 2183 5190; x_wconf 72' lang='lat' dir='ltr'>sed</span> <span class='ocrx_word' id='word_1_713' title='bbox 2202 5145 2307 5190; x_wconf 76' lang='lat' dir='ltr'>nec</span> <span class='ocrx_word' id='word_1_714' title='bbox 2328 5145 2579 5210; x_wconf 78' lang='lat' dir='ltr'>peccaro</span> <span class='ocrx_word' id='word_1_715' title='bbox 2599 5133 2819 5208; x_wconf 73' lang='lat' dir='ltr'>potest,</span> <span class='ocrx_word' id='word_1_716' title='bbox 2852 5129 3132 5210; x_wconf 74' lang='lat' dir='ltr'>quoniam</span> <span class='ocrx_word' id='word_1_717' title='bbox 3165 5145 3237 5190; x_wconf 73' lang='lat' dir='ltr'>ea:</span> <span class='ocrx_word' id='word_1_718' title='bbox 3287 5129 3410 5192; x_wconf 79' lang='lat' dir='ltr'>Deo</span> 
     </span>
     <span class='ocr_line' id='line_1_105' title="bbox 1844 5220 3408 5296; baseline -0.001 -14"><span class='ocrx_word' id='word_1_719' title='bbox 1844 5225 2030 5283; x_wconf 70' lang='lat' dir='ltr'>natue</span> <span class='ocrx_word' id='word_1_720' title='bbox 2079 5226 2191 5296; x_wconf 74' lang='lat' dir='ltr'>est,</span> <span class='ocrx_word' id='word_1_721' title='bbox 2232 5220 2297 5281; x_wconf 92' lang='lat' dir='ltr'>id</span> <span class='ocrx_word' id='word_1_722' title='bbox 2327 5227 2442 5295; x_wconf 89' lang='lat' dir='ltr'>est,</span> <span class='ocrx_word' id='word_1_723' title='bbox 2474 5221 2527 5280; x_wconf 90' lang='lat' dir='ltr'>si</span> <span class='ocrx_word' id='word_1_724' title='bbox 2556 5222 2903 5282; x_wconf 88' lang='lat' dir='ltr'>secundum</span> <span class='ocrx_word' id='word_1_725' title='bbox 2934 5240 3075 5282; x_wconf 92' lang='lat' dir='ltr'>eam</span> <span class='ocrx_word' id='word_1_726' title='bbox 3128 5221 3408 5282; x_wconf 86' lang='lat' dir='ltr'>nativita-</span> 
     </span>
     <span class='ocr_line' id='line_1_106' title="bbox 1844 5312 3409 5394; baseline 0 -20"><span class='ocrx_word' id='word_1_727' title='bbox 1844 5317 1997 5386; x_wconf 88' lang='lat' dir='ltr'>tem,</span> <span class='ocrx_word' id='word_1_728' title='bbox 2017 5312 2139 5374; x_wconf 86' lang='lat' dir='ltr'>hoc</span> <span class='ocrx_word' id='word_1_729' title='bbox 2168 5318 2264 5375; x_wconf 88' lang='lat' dir='ltr'>est</span> <span class='ocrx_word' id='word_1_730' title='bbox 2290 5313 2637 5375; x_wconf 89' lang='lat' dir='ltr'>secundum</span> <span class='ocrx_word' id='word_1_731' title='bbox 2658 5315 2923 5394; x_wconf 85' lang='lat' dir='ltr'>gratiam</span> <span class='ocrx_word' id='word_1_732' title='bbox 2952 5321 3012 5376; x_wconf 91' lang='lat' dir='ltr'>et</span> <span class='ocrx_word' id='word_1_733' title='bbox 3041 5313 3409 5377; x_wconf 88' lang='lat' dir='ltr'>charitatem</span> 
     </span>
     <span class='ocr_line' id='line_1_107' title="bbox 1847 5408 3403 5489; baseline 0 -21"><span class='ocrx_word' id='word_1_734' title='bbox 1847 5411 2165 5487; x_wconf 89' lang='lat' dir='ltr'>operetur,</span> <span class='ocrx_word' id='word_1_735' title='bbox 2216 5411 2285 5466; x_wconf 86' lang='lat' dir='ltr'>ut</span> <span class='ocrx_word' id='word_1_736' title='bbox 2314 5409 2699 5484; x_wconf 83' lang='lat' dir='ltr'>Augustinus</span> <span class='ocrx_word' id='word_1_737' title='bbox 2729 5412 2790 5468; x_wconf 89' lang='lat' dir='ltr'>et</span> <span class='ocrx_word' id='word_1_738' title='bbox 2819 5408 2919 5468; x_wconf 92' lang='lat' dir='ltr'>alii</span> <span class='ocrx_word' id='word_1_739' title='bbox 2950 5413 3403 5489; x_wconf 84' lang='lat' dir='ltr'>exposuerunt;</span> 
     </span>
     <span class='ocr_line' id='line_1_108' title="bbox 1846 5499 3408 5582; baseline 0.001 -21"><span class='ocrx_word' id='word_1_740' title='bbox 1846 5517 2000 5580; x_wconf 87' lang='lat' dir='ltr'>ergo</span> <span class='ocrx_word' id='word_1_741' title='bbox 2029 5499 2251 5580; x_wconf 89' lang='lat' dir='ltr'>majori</span> <span class='ocrx_word' id='word_1_742' title='bbox 2287 5503 2529 5562; x_wconf 86' lang='lat' dir='ltr'>ratione</span> <span class='ocrx_word' id='word_1_743' title='bbox 2554 5502 2745 5576; x_wconf 77' lang='lat' dir='ltr'>DeuS,</span> <span class='ocrx_word' id='word_1_744' title='bbox 2780 5501 2887 5579; x_wconf 89' lang='lat' dir='ltr'>qui</span> <span class='ocrx_word' id='word_1_745' title='bbox 2915 5507 3009 5563; x_wconf 86' lang='lat' dir='ltr'>est</span> <span class='ocrx_word' id='word_1_746' title='bbox 3036 5503 3173 5582; x_wconf 88' lang='lat' dir='ltr'>ipsa</span> <span class='ocrx_word' id='word_1_747' title='bbox 3204 5501 3408 5564; x_wconf 85' lang='lat' dir='ltr'>chari·</span> 
     </span>
     <span class='ocr_line' id='line_1_109' title="bbox 1844 5595 3407 5678; baseline 0 -20"><span class='ocrx_word' id='word_1_748' title='bbox 1844 5600 1966 5669; x_wconf 86' lang='lat' dir='ltr'>tas,</span> <span class='ocrx_word' id='word_1_749' title='bbox 1995 5601 2057 5658; x_wconf 88' lang='lat' dir='ltr'>et</span> <span class='ocrx_word' id='word_1_750' title='bbox 2082 5595 2330 5657; x_wconf 85' lang='lat' dir='ltr'>bonitas</span> <span class='ocrx_word' id='word_1_751' title='bbox 2352 5613 2470 5678; x_wconf 88' lang='lat' dir='ltr'>per</span> <span class='ocrx_word' id='word_1_752' title='bbox 2496 5595 2857 5672; x_wconf 86' lang='lat' dir='ltr'>essentiam,</span> <span class='ocrx_word' id='word_1_753' title='bbox 2888 5595 3053 5660; x_wconf 69' lang='lat' dir='ltr'>hauc</span> <span class='ocrx_word' id='word_1_754' title='bbox 3082 5595 3272 5660; x_wconf 82' lang='lat' dir='ltr'>habet</span> <span class='ocrx_word' id='word_1_755' title='bbox 3298 5615 3407 5658; x_wconf 88' lang='lat' dir='ltr'>na-</span> 
     </span>
    </p>
   </div>
  </div>
 </body>
</html>
