3850 6225
488 384 566 443 u

487 487 692 549 cultas
719 486 916 549 libera
945 493 1040 550 est
1067 487 1330 551 facultas
1357 490 1723 554 indifferens
1757 488 1840 551 ad
1863 506 2053 567 agen-

483 580 635 641 dum
666 586 729 641 et
765 598 896 641 non
924 582 1276 659 agendum3
1307 590 1372 645 et
1399 603 1530 646 non
1565 591 1660 647 est
1689 584 2053 645 indifferens

483 690 599 752 per
625 673 884 734 modum
912 675 1206 753 potentiae
1251 678 1554 754 passivse;
1603 696 1755 757 ergo
1805 678 2052 755 oportet

484 772 555 827 ut
601 768 680 827 sit
725 785 842 846 per
884 767 1142 829 modum
1196 770 1490 848 potentiae
1529 772 1770 833 activae.
1831 770 2048 847 Neque

483 878 653 921 nunc
682 860 988 921 subtiliter
1023 860 1286 923 discutio
1317 881 1400 924 an
1424 863 1694 925 liberum
1721 862 2049 924 arbitrium

483 954 740 1016 omnino
789 955 868 1015 sit
925 955 1122 1016 activa
1178 956 1456 1033 potentia
1529 964 1594 1019 et
1637 958 1812 1019 nullo
1857 957 2047 1017 modo

481 1048 750 1124 passiva,
795 1066 880 1107 an
925 1047 1162 1125 aliquid
1201 1048 1390 1110 etiam
1419 1051 1680 1128 passivae
1727 1050 2040 1123 includam

480 1138 546 1199 id
573 1140 741 1201 enim
783 1140 866 1201 ad
909 1147 1282 1220 praesentem
1321 1142 1808 1223 disputationem
1855 1143 2047 1206 refert

479 1234 668 1307 nihi13
704 1234 817 1295 sed
843 1235 964 1295 hoc
991 1234 1193 1295 solum
1219 1279 1236 1309 ‚
1285 1253 1514 1315 nempe
1561 1236 2045 1299 indifferentiam

477 1327 782 1388 libertatis
806 1345 934 1388 non
961 1345 1146 1407 posse
1177 1328 1516 1392 consistere
1545 1330 1610 1391 in
1639 1331 1772 1391 sola
1797 1330 2046 1391 indiffe-

477 1421 680 1482 rentia
716 1422 987 1500 passiva,
1029 1420 1142 1482 sed
1181 1422 1247 1482 in
1276 1422 1476 1484 activa
1505 1424 1588 1485 ad
1611 1423 1951 1485 volendum
1980 1430 2045 1487 et

475 1514 842 1577 nolendum.
903 1514 1080 1586 Quod
1129 1516 1318 1577 etiam
1371 1534 1452 1577 ex
1497 1535 1574 1578 eo
1617 1516 1799 1579 facile
1844 1523 2038 1597 patet,

477 1608 628 1687 quia
653 1608 837 1682 velle,
887 1614 998 1669 aut
1025 1614 1120 1669 est
1161 1608 1431 1683 efficere,
1471 1615 1579 1671 aut
1623 1628 1752 1671 non
1781 1610 2040 1672 estsine

477 1702 837 1774 effectione3
869 1701 1036 1763 nolle
1065 1707 1302 1776 autem,
1337 1704 1386 1764 si
1421 1722 1536 1783 per
1580 1710 1788 1765 actum
1825 1705 2041 1785 positi-

474 1812 625 1855 vum
655 1795 753 1868 sit,
797 1795 985 1855 etiam
1026 1794 1130 1856 ille
1177 1796 1337 1857 effici
1372 1795 1560 1859 debet
1588 1816 1626 1858 a
1656 1798 1950 1871 nolente;
1986 1799 2037 1859 si

475 1906 627 1949 vero
656 1892 750 1949 est
775 1906 888 1967 per
931 1888 1272 1949 carentiam
1307 1894 1507 1964 actus,
1543 1891 1732 1951 etiam
1760 1890 1866 1952 illa
1896 1910 2039 1970 sup-

473 1982 651 2061 ponit
677 1986 1050 2059 potestatem
1079 1982 1350 2043 volendi.
1381 1985 1561 2057 Nam,
1591 1988 1662 2044 ut
1685 1990 1854 2045 recte
1885 1984 2039 2047 dixit

475 2075 881 2153 Augustinu8‚
915 2074 994 2135 de
1031 2074 1263 2153 Spiritu
1295 2078 1360 2136 et
1385 2076 1612 2149 littera,
1639 2096 1695 2138 c.
1727 2080 1836 2142 43:
1887 2076 2039 2141 Cum

473 2184 594 2229 nou
635 2167 913 2248 faciebat,
954 2168 1098 2249 quia
1143 2168 1398 2242 nolebat,
1435 2176 1570 2235 erat
1601 2173 1807 2253 atique
1839 2178 2041 2252 potes·-

473 2267 595 2335 tas‚
619 2264 726 2325 sed
749 2262 1030 2325 voluntas
1055 2263 1277 2325 deerat.
1315 2264 1471 2325 Hinc
1501 2264 1712 2327 Patres
1737 2264 2037 2343 frequen-

471 2360 569 2416 ter
622 2354 975 2415 libertatem
1025 2372 1139 2435 per
1177 2361 1554 2435 potestatem
1601 2358 1829 2437 agendi
1883 2358 2035 2419 defi-

470 2447 684 2519 niunt;
717 2448 977 2519 Metho.‚
1026 2448 1134 2508 lib.
1167 2448 1248 2510 de
1289 2448 1419 2511 Lib.
1455 2450 1589 2511 arb.
1627 2468 1641 2511 ε
1691 2448 1838 2515 Gwm
1866 2452 2033 2513 Deus

472 2540 719 2619 (inquit)
761 2541 938 2603 vellet
962 2540 1254 2605 hominem
1287 2544 1596 2618 honorare,
1643 2544 1806 2607 dedit
1845 2542 1900 2605 ei
1924 2562 2033 2625 po-

474 2636 749 2696 testatem
765 2652 886 2715 qua
900 2638 1104 2715 posset
1117 2639 1312 2712 faeere
1327 2654 1460 2717 qua·
1479 2636 1675 2711 vellet,
1693 2641 1752 2699 et
1761 2641 2033 2719 potesta-

469 2731 588 2788 tem
616 2728 748 2806 ejice
769 2727 852 2789 ad
881 2726 1133 2789 meliora
1157 2729 1457 2793 hortatur.
1485 2730 1616 2789 Hoc
1643 2730 1832 2790 etiam
1860 2738 2032 2793 recte

469 2818 808 2879 declaravit
835 2818 1122 2893 Basilius,
1159 2821 1332 2883 hom.
1377 2821 1548 2895 Quod
1570 2824 1734 2885 Deus
1777 2840 1897 2884 mm
1945 2821 2035 2887 sit

469 2916 680 2975 auctor
703 2912 1026 2987 malm-mn,
1055 2913 1152 2974 his
1179 2914 1386 2975 verbis
1415 2934 1430 2975 :
1467 2914 1752 2979 Solutum
1776 2916 1848 2979 ab
1867 2918 2033 2979 omni

467 3005 840 3081 necessitate,
871 3012 927 3069 et
945 3006 1378 3085 voluntariam,
1402 3028 1474 3073 ao
1505 3010 1574 3071 in
1599 3026 1714 3073 cua
1731 3013 2032 3090 potestate

471 3100 679 3177 sitam,
702 3099 887 3164 vitam
909 3120 950 3164 a
969 3102 1268 3166 conditore
1285 3104 1501 3184 adepta
1529 3103 1759 3178 anima,
1781 3121 1899 3183 per
1922 3104 2031 3167 Ιιοσ

469 3195 552 3256 ad
572 3194 900 3275 imayinem
926 3194 1041 3258 Dei
1065 3199 1272 3259 ereata
1297 3202 1407 3259 eet.
1451 3196 1568 3260 Ubi
1594 3196 1735 3258 vitae
1771 3198 2029 3258 nomine

465 3288 742 3348 actiones
768 3287 910 3349 vitae
939 3287 1330 3368 significavit.
1363 3291 1606 3369 Optime
1649 3290 1838 3351 etiam
1875 3291 2031 3352 Gre—

467 3380 682 3460 gorius
708 3381 1136 3442 Nazianzenus
1167 3381 1288 3444 hoc
1325 3383 1617 3462 explicuit
1643 3389 1800 3444 orat.
1840 3388 1898 3458 1,
1934 3383 2031 3445 di-

466 3491 636 3548 cenS,
696 3475 985 3538 virtutem
1029 3476 1240 3538 extolli
1280 3495 1394 3560 per
1437 3477 1612 3540 liberi
1661 3477 1908 3541 arbitrii
1960 3477 2029 3540 in

463 3569 780 3650 utramque
799 3572 1040 3650 panem
1071 3571 1457 3649 efficatione-2.
1488 3571 1749 3632 Ratione
1769 3571 1904 3650 jam
1932 3579 2027 3634 est

461 3659 599 3722 haec
625 3679 772 3742 pars
797 3661 1114 3724 declarata
1145 3669 1210 3724 et
1235 3661 1624 3726 confirmata.

463 3845 805 3912 Libertatis
843 3849 972 3912 tam
1015 3847 1212 3930 quoad
1229 3849 1566 3931 potentiam
1605 3867 1788 3932 quam
1827 3851 2030 3932 quoad

977 3959 1155 4006 mm
1185 3941 1531 4023 decos-iptio.

541 4135 603 4196 2.
631 4131 908 4214 Z'heoloy.
931 4129 1002 4194 v‘n
1023 4135 1084 4207 1,
1108 4131 1170 4195 d.
1203 4131 1300 4207 38,
1331 4133 1508 4205 0130,
1531 4136 1592 4195 et
1609 4132 1676 4196 in
1703 4133 1766 4208 2,
1799 4133 1860 4198 d.
1891 4133 1967 4196 21
2002 4153 2019 4208 ς

463 4225 652 4302 Aim„
677 4225 776 4291 tit.
821 4231 848 4286 1
880 4223 1137 4300 nov-az„
1168 4243 1220 4289 e.
1254 4228 1284 4286 1
1315 4243 1332 4298 3
1361 4225 1605 4308 Hauy„
1633 4225 1680 4288 l.
1715 4229 1774 4288 1.
1799 4244 1966 4290 auor.
1996 4250 2027 4301 ,-

469 4319 674 4392 Gord„
705 4320 754 4381 l.
795 4323 824 4380 1
874 4317 1100 4391 emm.
1149 4317 1377 4394 Mol„
1415 4335 1475 4400 q.
1515 4319 1625 4392 553
1671 4319 1856 4394 Wal„
1891 4324 1921 4380 1
1952 4322 2021 4384 de

454 4414 592 4494 fid„
641 4429 694 4475 c.
729 4411 828 4473 25.
855 4412 1166 4472 -Altera
1208 4429 1374 4490 pars,
1424 4428 1566 4490 quae
1605 4411 1689 4473 ad
1731 4429 1916 4473 usum
1954 4413 2022 4472 li-

460 4505 721 4567 bertatis
747 4509 1009 4585 spectat,
1039 4522 1118 4566 ex
1153 4509 1406 4584 recepta
1441 4503 1804 4567 definitione
1831 4505 2023 4567 liber-

460 4600 604 4661 tatis
635 4599 892 4662 evidens
920 4605 1036 4662 est.
1077 4599 1170 4661 Ita
1215 4599 1384 4660 enim
1421 4598 1896 4680 intelligendum
1927 4605 2023 4662 est

460 4693 628 4773 quod
655 4692 1072 4755 communiter
1114 4691 1358 4768 dicitur,
1385 4691 1642 4768 scilicet,
1679 4694 2025 4773 potentiam

457 4788 723 4849 liberam
751 4805 912 4862 esse,
950 4803 1115 4865 quae,
1146 4785 1362 4865 positis
1391 4786 1682 4848 omnibus
1709 4785 2024 4867 requisitis

460 4881 544 4944 ad
567 4881 906 4961 agendum,
939 4884 1144 4960 potest
1168 4897 1358 4960 agere
1387 4885 1450 4940 et
1472 4897 1602 4940 non
1629 4898 1842 4960 agere.
1875 4881 2025 4942 Hoec

460 4976 628 5037 enim
645 4973 1002 5053 descriptio,
1033 4989 1173 5052 quae
1201 4971 1499 5052 frequens
1525 4977 1621 5035 est
1637 4973 1808 5053 apud
1822 4974 2023 5035 Theo-

459 5068 665 5148 10305,
695 5073 760 5130 et
779 5067 1058 5128 facultati
1091 5065 1305 5128 liberae
1349 5070 1412 5127 et
1453 5065 1598 5126 usui
1645 5067 1784 5146 eJus
1821 5066 2020 5129 libero

459 5159 921 5224 accommodari
941 5165 1166 5240 potest.
1184 5161 1260 5221 Et
1273 5157 1356 5221 ad
1375 5159 1736 5222 facultatem
1764 5159 2022 5240 quidem

456 5255 789 5335 applicata,
803 5255 972 5315 hunc
983 5268 1240 5314 sensum
1269 5252 1479 5327 habet,
1502 5252 1582 5314 de
1607 5252 1850 5315 ratione
1870 5253 2023 5316 libe·

455 5367 543 5412 rae
579 5347 874 5429 potentiae
903 5363 1067 5422 esse,
1085 5347 1242 5408 utin
1273 5351 1582 5425 potestate
1621 5363 1736 5407 sua
1767 5345 2019 5422 habeat,

453 5449 584 5505 tam
600 5449 810 5506 actum
825 5459 1010 5502 suum
1021 5458 1335 5515 exercere,
1353 5457 1546 5520 quam
1565 5439 1907 5513 continere,
1921 5438 2023 5502 vel

1263 386 1475 441 OPUSC.
1509 388 1550 451 1,
1583 388 1700 443 ΠΒ.
1735 388 1776 440 1.
1813 388 1893 441 DE
1923 387 2245 441 CONCURSU
2278 388 2381 441 DEI
2414 386 2540 439 cm!
2572 387 2967 445 VOLUNTATE.

2135 487 2507 553 conditionis
2560 494 2873 573 requisitae
2938 496 3021 557 ad
3072 492 3462 573 operandum
3506 509 3523 563 ἱ
3586 486 3703 549 fflfl

2134 582 2303 642 enim
2356 602 2485 647 non
2529 594 2696 649 esset
2734 594 3011 667 potestas
3052 587 3136 649 ad
3182 583 3703 666 suspendendum

2132 680 2341 735 actum
2366 721 2383 749 ,
2416 678 2531 739 sed
2580 680 2943 759 impotentia
2972 683 3179 762 potius
3218 679 3300 740 ad
3347 676 3697 758 agendum,

2130 769 2239 831 tali
2284 772 2639 836 conditione
2688 776 3039 838 deficiente.
3094 775 3276 839 Unde
3322 774 3425 834 ille
3468 770 3703 831 modus

2128 864 2417 924 cessandi
2444 882 2481 925 a
2508 869 2761 947 propria
2808 870 3076 942 actione,
3120 866 3452 947 agentibus
3502 864 3701 925 etiam

2126 957 2515 1019 naturalibus
2544 962 2897 1023 communis
2928 968 3021 1023 est
3042 980 3059 1035 ;
3084 961 3245 1041 ignis
3266 975 3541 1038 namque
3564 974 3699 1016 non

2128 1051 2471 1128 calefaciet,
2508 1054 2561 1113 si
2598 1054 2759 1117 desit
2800 1056 3139 1135 passivum.
3191 1054 3491 1132 Idemque
3540 1068 3702 1111 con-

2124 1143 2365 1223 tingere
2408 1150 2613 1226 potest
2650 1148 2717 1208 in
2750 1148 3069 1210 voluntate
3112 1148 3271 1227 ipsa,
3308 1146 3361 1207 si
3400 1148 3607 1207 cesset
3656 1160 3699 1202 a

2122 1237 2391 1299 volendo
2418 1256 2497 1301 ex
2524 1239 2775 1303 defectu
2810 1242 3061 1322 objecti,
3090 1241 3239 1320 quia
3260 1238 3415 1299 illud
3443 1238 3703 1319 ignora-

2122 1336 2229 1393 tur
2260 1350 2273 1391 ε
2308 1330 2415 1392 illa
2444 1333 2613 1394 enim
2644 1335 2922 1397 carentia
2950 1341 3129 1397 actus
3164 1350 3295 1394 non
3326 1332 3445 1393 erit
3482 1348 3561 1392 ex
3582 1348 3702 1409 po-

2122 1431 2346 1487 testate
2376 1426 2597 1503 libam,
2622 1428 2737 1489 sed
2766 1446 2846 1489 ex
2872 1427 3145 1490 naturali
3160 1424 3433 1488 defectu.
3460 1424 3567 1484 Est
3590 1440 3701 1483 er-

2124 1536 2204 1599 go
2232 1520 2313 1580 de
2339 1520 2581 1581 ratione
2604 1522 2817 1583 liberae
2842 1521 3176 1595 facultatis,
3207 1525 3278 1580 ut
3300 1537 3383 1579 ex
3403 1517 3697 1578 intrinse-

2120 1630 2195 1675 ca
2222 1612 2283 1673 vi
2318 1620 2383 1675 et
2417 1620 2727 1693 potestate
2772 1632 2887 1678 sua
2914 1614 3110 1695 possit
3152 1618 3215 1675 et
3250 1618 3461 1675 actum
3502 1626 3699 1671 suum

2122 1722 2417 1768 exercere
2446 1713 2508 1768 et
2552 1708 2969 1787 suspendere;
3004 1711 3069 1769 et
3106 1706 3253 1785 quia
3299 1708 3543 1766 interna
3594 1700 3695 1761 vis

2119 1798 2393 1877 cujusvis
2417 1798 2733 1861 facultatis
2756 1818 2885 1861 non
2916 1805 3264 1874 exercetur,
3302 1796 3424 1857 nisi
3450 1793 3697 1857 adhibi-

2118 1890 2197 1952 tis
2224 1890 2515 1952 omnibus
2542 1892 2859 1972 requisitis
2878 1893 2960 1954 ad
2974 1890 3315 1972 agendum,
3346 1889 3489 1950 ideo
3512 1892 3693 1948 reete

2118 1984 2365 2058 dicitur,
2396 1985 2757 2063 optimeque
2798 1986 3143 2065 explicatur
3166 1984 3259 2047 vis
3276 1982 3464 2063 hujus
3492 1979 3695 2041 facul-

2118 2078 2284 2151 tatis,
2312 2078 2381 2138 in
2420 2096 2497 2138 eo
2526 2079 2695 2155 quod
2728 2122 2744 2151 ‚
2802 2078 3020 2157 positis
3048 2078 3341 2139 omnibus
3368 2074 3691 2155 requisitis

2118 2171 2200 2233 ad
2226 2171 2567 2252 agendum,
2600 2171 2799 2249 possit
2823 2188 3013 2251 agere
3045 2176 3109 2233 et
3134 2188 3264 2231 non
3292 2186 3501 2249 agere.

2198 2266 2256 2326 3.
2306 2263 2757 2328 consectarium
2804 2264 3099 2345 primm.
3148 2296 3233 2311 —
3273 2265 3475 2341 Atque
3532 2260 3691 2321 hinc

2114 2357 2397 2437 sequitur
2452 2358 2655 2437 primo
2684 2400 2705 2431 ,
2768 2356 2902 2418 haec
2964 2354 3391 2436 praerequisita
3452 2352 3685 2414 merito

2116 2450 2407 2530 explicari
2446 2450 2528 2511 de
2585 2450 2683 2511 his
2718 2450 3178 2511 conditionibus
3232 2467 3371 2529 quae
3416 2448 3482 2509 in
3532 2452 3687 2507 actu

2113 2546 2315 2625 primo
2372 2544 2777 2623 requiruntur
2816 2588 2834 2618 ,
2878 2562 2993 2605 seu
3060 2562 3199 2623 quae
3266 2548 3411 2603 sunt
3464 2542 3685 2620 aliquo

2112 2640 2301 2701 modo
2330 2656 2519 2699 causa
2548 2638 2811 2699 actionis
2842 2656 2859 2711 ;
2902 2656 3035 2698 non
3058 2638 3227 2699 enim
3260 2642 3357 2697 est
3396 2636 3557 2697 actio
3592 2635 3687 2713 ip-

2114 2750 2184 2793 sa
2228 2730 2625 2792 involvenda.
2678 2732 2866 2803 Nam,
2912 2730 3058 2792 licet
3110 2746 3299 2791 nemo
3340 2734 3487 2807 agat
3538 2728 3684 2788 sine

2112 2824 2379 2897 actione,
2412 2829 2475 2884 et
2501 2824 2643 2885 ideo
2680 2824 2873 2885 etiam
2898 2824 3060 2885 actio
3086 2823 3207 2884 dici
3236 2822 3432 2905 possit
3466 2822 3687 2900 requi-

2112 2918 2229 2979 sita
2268 2916 2351 2978 ad
2394 2916 2713 2996 agendum
2734 2962 2749 2991 ,
2782 2935 2911 2978 non
2940 2922 3153 2977 tamen
3194 2922 3272 2977 ut·
3302 2916 3683 2995 principium

2112 3010 2362 3091 agendi,
2391 3010 2491 3071 vel
2546 3008 2783 3089 aliquid
2818 3010 3141 3089 pertinens
3178 3008 3261 3071 ad
3300 3009 3683 3089 principium

2110 3103 2394 3178 actionis,
2440 3102 2554 3165 sed
2580 3108 2651 3166 ut
2690 3102 2827 3184 ipsa
2860 3102 3140 3165 formalis
3168 3103 3353 3178 actio,
3384 3121 3509 3183 qua
3547 3102 3683 3165 for-

2108 3197 2357 3259 maliter
2398 3197 2853 3259 determinatur
2900 3197 3179 3277 potentia
3232 3197 3315 3259 ad
3356 3197 3681 3276 agendum

2108 3291 2316 3370 potius
2358 3307 2550 3371 quam
2578 3309 2708 3352 non
2750 3290 3100 3370 agendum3
3148 3296 3213 3352 et
3238 3289 3381 3351 ideo
3418 3309 3545 3350 non
3576 3297 3683 3352 est

2110 3381 2551 3464 componenda
2588 3383 2753 3445 actio
2786 3401 2931 3444 cum
2962 3384 3239 3463 potentia
3258 3429 3275 3458 ‚
3316 3382 3399 3444 ad
3434 3383 3553 3444 hoc
3602 3389 3683 3445 ut

2108 3477 2243 3557 ipsa
2278 3476 2557 3557 potentia
2578 3476 2825 3539 dicatur
2854 3475 3247 3551 indifferens,
3282 3476 3431 3555 quia
3456 3475 3521 3536 in
3550 3475 3681 3537 hoc

2104 3569 2437 3632 involvitur
2456 3571 2877 3650 repugnantia
2908 3589 2925 3644 ;
2974 3567 3087 3632 sed
3112 3568 3419 3630 sumenda
3436 3573 3531 3630 est
3556 3587 3683 3648 po-

2104 3665 2299 3726 tentia
2350 3681 2496 3726 cum
2538 3661 2829 3724 omnibus
2864 3662 3311 3744 praerequisitis
3364 3679 3443 3724 ex
3490 3668 3677 3741 parte

2104 3759 2263 3838 ejus,
2292 3775 2409 3820 seu
2430 3773 2545 3837 per
2564 3755 2827 3820 modum
2858 3761 3037 3819 actus
3064 3755 3271 3836 primi,
3298 3761 3370 3817 ut
3390 3754 3681 3817 declara—

2104 3859 2239 3916 tum
2279 3857 2395 3914 est.

2188 3943 2631 4010 consectarium
2702 3943 3046 4008 temdum.
3096 3973 3181 3990 -
3232 3939 3521 4004 Secundo
3574 3957 3677 4004 se-

2102 4040 2315 4120 quitur
2350 4055 2491 4100 esse
2506 4044 2725 4100 contra
2752 4037 3061 4098 rationem
3083 4035 3301 4098 liberae
3330 4034 3671 4110 facultatis,

2104 4139 2175 4196 ut
2214 4131 2296 4194 ad
2350 4130 2667 4210 agendum
2718 4130 2999 4209 requirat
3042 4129 3316 4209 aliquam
3370 4126 3679 4190 conditio—

2104 4243 2254 4289 nem
2284 4223 2583 4304 praeviam
2607 4221 2691 4284 ad
2728 4223 3042 4284 actionem
3060 4265 3077 4296 ,
3109 4239 3235 4301 qua
3274 4222 3475 4301 posita
3492 4263 3511 4296 ,
3554 4221 3679 4284 tol-

2098 4320 2263 4382 latur
2283 4316 2385 4379 vel
2404 4315 2785 4396 impediatur
2810 4315 3227 4377 indifferentia
3244 4314 3327 4376 ad
3350 4314 3675 4394 agendum

2100 4419 2165 4476 et
2207 4428 2337 4472 non
2380 4409 2699 4490 agendum
2748 4453 2765 4482 ,
2816 4409 2965 4488 quia
3016 4425 3163 4470 cum
3210 4408 3468 4470 libertas
3529 4409 3677 4488 ejus

2100 4503 2451 4568 formaliter
2497 4503 2577 4564 sit
2624 4502 2827 4582 posita
2873 4501 2939 4562 in
2964 4501 3265 4582 praedicta
3312 4501 3679 4564 indifferen-

2100 4600 2191 4661 tia
2211 4643 2229 4672 ‚
2266 4597 2320 4659 si
2369 4598 2503 4659 haec
2540 4595 2775 4658 tollitur
2797 4595 2899 4658 vel
2930 4595 3267 4676 impeditur
3304 4602 3453 4657 ante
3480 4596 3679 4657 actio·

2102 4710 2251 4754 nem
2272 4735 2287 4765 ,
2318 4691 2453 4771 jam
2478 4690 2641 4752 actio
2680 4707 2810 4752 non
2844 4689 3128 4770 procedit
3169 4709 3209 4752 a
3255 4689 3535 4770 potentia
3578 4689 3679 4750 in-

2102 4785 2432 4849 differente
2482 4789 2545 4846 et
2596 4783 2887 4864 expedita
2933 4783 3021 4846 ad
3058 4783 3377 4864 agendum
3395 4828 3413 4857 ,
3448 4801 3679 4846 secun·-

2102 4878 2255 4940 dum
2306 4883 2641 4957 utramque
2691 4882 2939 4957 partem
2984 4893 3117 4938 suoe
3172 4876 3609 4940 indifferentiae
3650 4897 3667 4950 ς

2101 4989 2250 5051 ergo
2284 5015 2300 5045 ,
2360 4971 2411 5032 si
2456 4972 2599 5032 talis
2644 4971 2921 5051 potentia
2958 4970 3321 5051 hujusmodi
3368 4970 3677 5032 conditio-

2100 5081 2248 5126 nem
2289 5065 2638 5143 requireret
2664 5065 2748 5126 ad
2774 5063 3093 5146 agendum
3120 5109 3136 5138 ,
3191 5071 3341 5128 tunc
3382 5063 3486 5126 vel
3525 5063 3673 5144 ipsa

2100 5157 2165 5219 in
2194 5175 2263 5220 se
2288 5173 2418 5220 non
2446 5164 2615 5220 esset
2652 5157 3053 5234 indifferens,
3102 5158 3278 5220 etita
3322 5175 3452 5218 non
3500 5162 3675 5220 esset

2100 5251 2300 5313 libera
2321 5295 2338 5325 ‚
2388 5251 2579 5313 etiam
2610 5251 2678 5312 in
2714 5256 2860 5312 actu
2908 5251 3115 5331 primo
3148 5257 3213 5312 et
3250 5257 3534 5323 remot03
3564 5250 3673 5312 vel

2104 5343 2186 5406 ad
2238 5343 2555 5424 agendum
2596 5343 2945 5424 postularet
3008 5344 3431 5406 conditionem
3478 5361 3673 5422 repu-

2104 5444 2403 5520 gnantem
2440 5457 2571 5500 suae
2619 5437 3055 5500 indifferentiae
3102 5455 3359 5518 suaeque
3416 5435 3671 5498 liberta-

455 5535 842 5616 suspendere
866 5550 888 5614 3
919 5532 984 5594 id
1018 5551 1166 5596 vero
1195 5551 1324 5594 non
1351 5551 1430 5595 ex
1465 5532 1714 5594 defectu
1758 5533 2024 5612 alicujus
2102 5533 2173 5608 ti,
2204 5537 2269 5596 et
2302 5531 2694 5595 connaturali
2714 5531 3027 5622 'operandi
3056 5531 3245 5594 modo
3276 5528 3447 5610 quod
3474 5529 3665 5610 plane
