3850 6225
814 385 949 436 CAP.
990 385 1093 436 vll.
1132 381 1377 434 CAUSAM
1410 381 1735 436 sscuxnnt
1767 383 1891 435 NON
1926 383 2216 438 mmet-:RE
2249 385 2511 448 PRAEWA.
2545 387 2678 440 me.

120 483 414 563 jusmodi
434 503 559 556 res,
588 503 665 546 ex
688 486 749 546 vi
778 503 1033 546 suarum
1060 485 1403 544 formarum
1428 503 1543 544 seu
1570 503 1709 562 pro—

128 578 481 656 prietatum
530 578 943 651 naturalium,
976 584 1119 638 sunt
1148 578 1577 639 determinatae
1626 577 1707 638 ad

126 688 359 741 unum,
400 676 467 730 et
488 671 725 732 nullam
755 672 991 732 habent
1026 671 1427 732 intrinsecam
1468 670 1706 731 indiffe-

122 763 451 834 rentiam3
494 783 645 844 ergo
684 781 813 824 non
838 764 1125 842 indigent
1153 781 1315 824 nova
1360 763 1558 824 forma
1596 767 1705 822 aut

124 875 299 916 novo
334 857 611 936 impulsu
648 877 775 936 quo
804 857 1297 918 determinentur
1318 857 1399 916 ad
1428 875 1575 916 suos
1615 856 1707 916 ef-

126 947 359 1008 fectus,
395 950 529 1020 Qua
559 951 728 1010 enim
754 950 1271 1011 determinatione
1303 949 1705 1028 superaddita

126 1043 377 1122 indiget
428 1042 630 1117 calor,
662 1051 731 1104 ut
760 1043 1080 1104 calefaciat
1115 1045 1323 1122 potius
1366 1061 1555 1122 quam
1603 1042 1705 1102 fri-

122 1135 407 1214 gefaciat
439 1136 539 1197 vel
584 1137 821 1214 aliquid
852 1137 1023 1196 aliud
1054 1138 1303 1212 efficiat,
1327 1155 1470 1197 cum
1516 1154 1592 1196 ex
1631 1153 1697 1195 se

120 1231 202 1289 sit
250 1230 345 1288 ita
375 1230 855 1300 determinatuS,
888 1234 959 1290 ut
982 1230 1065 1289 ad
1096 1230 1270 1288 illum
1298 1229 1591 1290 effectum
1623 1228 1701 1288 sit

122 1329 393 1402 potenS,
422 1328 485 1383 et
508 1341 637 1383 non
670 1323 754 1384 ad
777 1324 1009 1384 alium?
1036 1324 1217 1384 Dices
1241 1322 1555 1382 interdum
1586 1321 1699 1381 has

120 1417 289 1475 virtu
302 1423 397 1476 tes
454 1433 593 1478 esse
649 1417 1097 1488 indifferenteS,
1159 1414 1253 1474 vel
1302 1415 1508 1492 potius
1548 1415 1701 1474 emi-

118 1515 359 1570 nentes
387 1508 469 1568 ad
500 1509 703 1587 plura,
750 1515 813 1569 et
855 1509 1133 1587 indigere
1179 1507 1697 1567 determinatione

122 1607 189 1659 ut
226 1619 438 1660 unum
472 1602 679 1679 potius
718 1619 907 1680 quam
950 1601 1118 1660 aliud
1154 1601 1447 1670 efficiant,
1484 1605 1553 1659 ut
1580 1600 1693 1672 sol,

120 1699 182 1753 et
224 1693 281 1752 si
316 1711 461 1772 quae
512 1701 659 1754 sunt
707 1694 843 1754 alise
886 1693 1119 1754 similes
1164 1711 1390 1753 causae.
1422 1696 1699 1770 Respon-

120 1788 315 1848 detur
342 1789 467 1848 hoc
502 1788 809 1866 imprimis
838 1806 965 1847 non
1006 1789 1317 1868 pertinere
1356 1787 1437 1846 ad
1478 1787 1697 1846 subor-

124 1881 525 1942 dinationem
560 1899 765 1942 causat
808 1882 1097 1941 secundae
1134 1885 1423 1958 respectu
1452 1879 1693 1957 primae,

120 1993 323 2052 qnam
350 1975 525 2034 nu'nc
550 1973 947 2052 inquirimus,
966 1973 1077 2034 sed
1106 1973 1187 2032 ad
1212 1972 1515 2050 speciales
1544 1971 1697 2030 alias

120 2087 469 2129 causarum
508 2067 917 2129 conditiones·
964 2067 1202 2127 Deinde
1234 2067 1460 2127 dicitur
1488 2066 1695 2143 hujus·

120 2161 299 2220 modi
328 2161 739 2220 eminentiam
780 2159 1113 2220 convenire
1153 2159 1465 2238 aliquibus
1496 2157 1698 2218 causis

120 2253 561 2332 superioribus
620 2271 735 2313 seu
781 2253 1235 2314 universalibus
1262 2297 1278 2324 ‚
1348 2271 1487 2330 quae
1538 2269 1696 2312 nun·

118 2365 319 2425 quam
352 2351 621 2424 possunt
640 2345 849 2408 facere
878 2346 1237 2424 hujusmodi
1267 2345 1523 2406 effectus
1564 2345 1695 2405 sine

120 2438 519 2499 adminiculo
554 2439 819 2498 aliarum
867 2457 1221 2510 causarum,
1274 2457 1311 2497 a
1358 2439 1586 2516 quibus
1617 2436 1697 2497 ad

118 2533 239 2591 hos
280 2533 493 2610 potius
537 2531 795 2592 effectus
840 2549 1028 2608 quam
1080 2531 1161 2592 ad
1209 2531 1349 2592 illos
1404 2530 1699 2590 determi-

116 2629 379 2696 nantur,
426 2625 555 2684 sive
585 2624 721 2684 aliae
746 2641 949 2684 causae
973 2623 1311 2684 efficientes
1334 2625 1519 2684 etiam
1548 2622 1691 2694 sint,

120 2719 251 2778 sive
282 2723 539 2777 tantum
588 2718 983 2789 materiales;
1026 2718 1145 2777 hoc
1176 2718 1343 2777 enim
1370 2715 1558 2775 modo
1593 2715 1697 2776 de-

122 2810 507 2870 terminatur
536 2810 653 2882 sol,
696 2810 793 2870 vel
820 2809 1073 2888 aliquod
1103 2810 1273 2870 aliud
1314 2814 1571 2878 astrum,
1604 2813 1693 2882 ut,

122 2921 265 2964 cum
328 2903 529 2964 altero
572 2905 999 2982 conjunctum,
1042 2903 1265 2963 efficiat
1291 2902 1479 2963 talem
1511 2899 1699 2960 effec-

128 3003 283 3067 tum,
320 3004 387 3056 et
420 2997 825 3074 conjunctum
854 3013 997 3056 cum
1032 2995 1175 3066 alie,
1208 2995 1433 3056 efficiat
1463 2993 1687 3064 alium;

130 3091 220 3151 sic
260 3091 445 3151 etiam
486 3091 580 3151 sol
610 3089 883 3152 exsiccat
909 3090 1111 3151 lutum
1166 3095 1227 3152 et
1252 3087 1569 3167 liquefacit
1598 3104 1694 3149 ce-

124 3204 261 3245 ram
290 3204 305 3257 3
340 3192 403 3247 et
432 3186 515 3245 ad
557 3204 665 3246 eas
704 3186 983 3247 actiones
1010 3185 1462 3247 determinatur
1488 3200 1565 3243 ex
1601 3182 1694 3242 di-

120 3298 305 3339 versa
332 3279 613 3339 materiae
642 3279 1067 3357 dispositione.

200 3376 262 3431 2.
316 3370 533 3433 Causoe
554 3371 891 3443 naturales,
922 3388 1055 3451 quoe
1082 3370 1291 3451 plures
1320 3370 1507 3431 simul
1530 3370 1693 3431 edero

116 3466 327 3529 calent
357 3466 628 3544 effectus,
648 3466 901 3544 physico
926 3465 1211 3545 loquendo
1233 3480 1462 3543 semper
1481 3480 1521 3523 a
1556 3477 1690 3525 oon-

114 3560 331 3623 causis
362 3559 447 3619 ad
493 3563 685 3621 certos
718 3559 961 3638 effectus
990 3560 1333 3633 arctantur.
1364 3586 1445 3599 —
1475 3557 1689 3635 Neque

112 3654 177 3711 in
207 3652 309 3711 his
346 3649 671 3711 effectibus
708 3650 1089 3711 naturalium
1130 3667 1463 3710 causarum
1518 3650 1691 3710 inve-

112 3746 291 3804 nitur
340 3743 547 3821 major
600 3743 1059 3814 indifferentia3
1114 3760 1323 3821 neque
1374 3742 1691 3821 continget

110 3854 411 3915 unquam
472 3836 763 3914 (physice
818 3836 1155 3915 loquendo)
1208 3836 1689 3897 indifferentiam

114 3932 309 3991 unius
340 3948 547 3990 causae
574 3948 699 3989 non
742 3930 889 3989 satis
934 3929 1337 3991 determinari
1369 3930 1451 3989 ad
1492 3948 1689 3989 unum

114 4044 197 4087 ex
228 4023 546 4085 consortio
573 4022 857 4083 aliarum.
888 4023 1036 4084 Dico
1065 4028 1275 4083 autem
1304 4024 1559 4101 physice
1597 4022 1689 4083 lo-

116 4117 406 4197 quendo,
440 4116 587 4193 quia
616 4116 992 4195 cogitatione
1034 4114 1187 4193 fingi
1216 4121 1422 4193 potest
1446 4115 1687 4175 occasio

116 4213 181 4271 in
216 4228 369 4288 qua,
398 4194 587 4269 catfsa
615 4210 983 4269 naturaliter
1016 4226 1213 4287 agens
1261 4208 1339 4268 sit
1384 4209 1689 4285 quodam-

114 4302 313 4363 modo
346 4318 673 4379 suspensa,
710 4307 775 4361 ut
804 4320 1009 4381 neque
1032 4301 1227 4379 possit
1256 4301 1439 4361 simul
1468 4319 1687 4361 omnes

118 4399 231 4456 aut
256 4395 473 4474 plures
518 4394 779 4456 effectus
820 4394 1052 4466 facere,
1082 4394 1309 4472 quibus
1354 4413 1535 4473 aeque
1585 4412 1689 4455 ac-

118 4488 595 4559 commodatur;
650 4506 771 4548 nec
822 4488 1017 4566 possit
1083 4487 1165 4547 ad
1226 4505 1421 4547 unum
1482 4488 1687 4566 potius

118 4598 321 4659 quam
350 4580 431 4640 ad
478 4580 669 4641 alium
708 4578 1132 4641 determinari.
1168 4580 1436 4659 Vulgare
1476 4598 1688 4641 exem·

119 4674 303 4751 plum
357 4690 495 4732 esse
563 4672 723 4733 solet
762 4671 841 4732 de
888 4671 1095 4751 lapide
1148 4670 1423 4751 perfecte
1476 4673 1687 4750 plane,

122 4782 311 4844 teque
330 4763 931 4844 perpendiculariter
942 4765 1209 4825 cadente
1229 4782 1419 4843 super
1432 4766 1687 4839 vitrum,

124 4858 405 4937 perfecte
458 4858 750 4936 planum;
787 4864 849 4918 et
888 4858 965 4919 de
1012 4858 1317 4937 particula
1346 4858 1507 4937 ignis
1548 4876 1691 4937 per-

124 4952 287 5012 fecte
316 4950 601 5011 circulari
628 4952 827 5029 posita
857 4951 919 5010 in
950 4957 1163 5011 centro
1180 4957 1380 5012 terrae.
1406 4951 1530 5013 Sed
1554 4953 1689 5011 haec

124 5044 565 5122 relinquamus
593 5044 983 5122 philosophis
1003 5092 1019 5119 ,
1065 5045 1219 5103 nihil
1248 5044 1415 5105 enim
1444 5045 1526 5104 ad
1552 5064 1691 5107 rem

126 5140 507 5215 praesentem
540 5136 824 5208 referret,
860 5142 967 5195 aut
992 5138 1185 5214 gratis
1230 5137 1575 5197 concedere
1626 5138 1687 5197 in

126 5230 221 5288 his
252 5228 585 5289 eventibus
614 5228 853 5288 nullum
884 5230 1175 5289 effectum
1204 5230 1405 5309 sequi,
1438 5237 1693 5309 propter

130 5321 653 5399 impedimentum
690 5327 751 5381 et
788 5320 1438 5383 indeterminatienem
1464 5342 1690 5399 causae,

132 5420 241 5473 aut
272 5420 443 5473 certe
472 5413 683 5473 dicere
714 5420 861 5475 tunc
888 5412 1289 5475 determinari
1318 5433 1571 5476 causam
1602 5436 1694 5477 se·

128 5506 405 5567 eandam
436 5524 475 5565 a
502 5507 726 5585 prima,
758 5525 888 5568 non
922 5526 997 5567 ex
1025 5507 1085 5567 vi
1118 5508 1427 5588 generalis
1456 5510 1695 5592 subjec-

458 5630 545 5675 xl.

3273 389 3348 448 33

1788 485 1975 545 tionis
2013 505 2218 548 causae
2265 489 2591 562 secundae,
2643 491 2756 552 sed
2791 510 2870 552 ex
2917 493 3208 570 peculiari
3253 497 3350 555 in-

1788 577 2064 657 digentia
2092 580 2234 642 talis
2263 600 2492 643 causae.
2527 583 2804 645 Pertinet
2831 587 2994 646 enim
3026 586 3106 647 ad
3159 606 3352 666 gene-

1786 672 1984 732 ralem
2020 675 2476 751 providentiam
2517 695 2720 736 causa*
2757 679 2997 755 primae,
3030 688 3098 740 ut
3127 699 3350 744 secun-

1786 764 1881 824 dis
1920 766 2342 846 indigentibus
2389 769 2736 830 subveniat.
2773 773 2848 832 Et
2895 773 3121 845 adhuc,
3154 776 3220 836 in
3272 796 3348 839 eo

1786 875 1959 928 casn,
2017 858 2162 920 licet
2211 880 2338 920 non
2391 869 2700 941 repugnet
2759 863 3344 930 determinationem

1784 949 1920 1009 fieri
1949 969 2068 1027 per
2091 952 2326 1030 aliquid
2362 956 2662 1032 pr-aevium
2692 959 3164 1033 superadditum
3205 981 3347 1024 cau-

1786 1059 1869 1102 sae
1898 1043 2068 1119 (nam
2093 1044 2256 1104 facili
2298 1047 2550 1124 negotio
2581 1054 2788 1126 potest
2825 1051 2992 1110 Deus
3041 1053 3344 1132 majorem

1778 1135 2082 1214 impetum
2127 1139 2192 1196 in
2241 1139 2360 1198 hac
2400 1146 2582 1226 parte
2627 1141 3008 1220 imprimere,
3041 1164 3232 1224 quam
3282 1150 3346 1209 in

1780 1228 1925 1300 alia,
1951 1230 2048 1288 vel
2075 1230 2200 1290 vim
2229 1231 2455 1308 agendi
2486 1232 2812 1296 intendere
2839 1246 3130 1316 respectu
3160 1240 3347 1320 hujus

1780 1321 2042 1381 effectus
2069 1322 2526 1402 determinati),
2555 1343 2684 1386 non
2714 1332 2926 1389 tamen
2964 1336 3057 1390 est
3091 1333 3188 1392 hic
3215 1353 3348 1394 mo—

1780 1413 1898 1474 dus
1933 1417 2364 1488 necessarius;
2397 1435 2545 1478 nam
2593 1417 2726 1478 sola
2771 1419 3206 1486 determinatio
3255 1426 3348 1486 di—

1780 1507 1903 1566 vini
1938 1525 2279 1570 concursus
2311 1509 2392 1570 ad
2413 1509 2582 1569 hunc
2603 1511 2894 1572 effectum
2925 1515 3129 1592 potius
3153 1533 3345 1595 quam

1780 1599 1861 1660 ad
1898 1600 2090 1660 alium
2128 1605 2224 1662 est
2280 1602 2620 1676 sufficienS,
2655 1609 2728 1664 ut
2780 1607 2986 1666 statim
3035 1609 3098 1669 in
3137 1611 3345 1686 ¹simili

1780 1693 2066 1771 exemplo
2093 1693 2449 1755 declarabo.

1858 1788 1916 1845 3.
1969 1785 2247 1864 objectio.
2278 1819 2359 1832 —
2381 1789 2518 1850 Dici
2541 1789 2710 1850 enim
2741 1790 2966 1852 iterum
2999 1799 3224 1872 potest,
3267 1799 3344 1858 li-

1779 1884 1876 1939 cet
1896 1898 2024 1939 non
2057 1880 2382 1958 indigeant
2405 1901 2612 1943 causae
2647 1885 2938 1946 secundae
2966 1888 3344 1952 determina-

1777 1973 1948 2034 tione
1979 1974 2212 2052 praevia
2252 1976 2472 2052 primae
2501 1996 2702 2040 causae
2733 1980 2815 2040 ad
2837 1981 3028 2041 talem
3053 1985 3344 2046 effectum

1778 2063 1843 2124 in
1884 2067 2118 2142 specie,
2165 2073 2376 2128 tamen
2407 2069 2690 2149 indigere
2716 2073 2820 2132 illa
2859 2073 2940 2134 ad
2971 2075 3088 2136 hoc
3121 2077 3343 2138 indivi-

1778 2156 1996 2232 duum,
2027 2160 2234 2237 potius
2261 2179 2450 2238 quam
2487 2163 2656 2224 aliud
2685 2167 3180 2244 producendum.
3230 2173 3342 2232 Ca-

1778 2249 1873 2310 lor
1902 2251 2070 2310 enim
2099 2253 2260 2332 ignis
2295 2255 2490 2331 (verbi
2523 2257 2771 2337 gratia),
2827 2260 2972 2322 licet
3013 2263 3091 2323 sit
3135 2264 3341 2326 deter-

1776 2343 2052 2405 minatus
2077 2364 2152 2405 ox
2181 2364 2247 2408 se
2275 2348 2356 2406 ad
2383 2350 2856 2425 producendum
2887 2355 3184 2430 calorem,
3211 2377 3340 2420 non

1780 2443 1992 2498 tamen
2049 2439 2216 2500 hunc
2274 2441 2568 2516 calorem,
2625 2446 2725 2505 vel
2767 2447 2934 2507 hunc
2989 2449 3236 2528 ignom,
3282 2459 3344 2513 et

1775 2530 1917 2592 ideo
1952 2531 2189 2610 indiget
2227 2535 2756 2613 praedeterminari
2785 2556 2822 2598 a
2867 2541 3020 2614 Deo,
3055 2548 3124 2604 ut
3171 2544 3340 2606 hunc

1776 2623 2192 2685 determinate
2220 2627 2556 2704 producat;
2593 2635 2654 2690 et
2684 2631 2822 2691 haec
2863 2634 3204 2696 necessitas
3235 2656 3344 2716 ge-

1777 2717 2010 2777 neralis
2042 2725 2134 2778 cst
2166 2719 2231 2778 in
2265 2721 2556 2782 omnibus
2575 2725 2778 2784 causis
2809 2729 3124 2797 secundis,
3151 2731 3340 2792 etiam

1777 2809 1843 2869 in
1876 2811 2196 2872 voluntate
2227 2811 2447 2887 libera,
2483 2817 2651 2893 quia,
2683 2817 2924 2878 etiamsi
2965 2822 3160 2898 possit
3199 2841 3342 2884 nos-

1776 2907 1873 2963 tra
1918 2903 2244 2976 voluntas,
2287 2908 2605 2985 proposito
2651 2909 2862 2989 aliquo
2904 2913 3148 2992 objecto
3201 2935 3339 2978 sese

1778 2995 1859 3054 ad
1886 2995 2254 3068 amandum,
2284 2998 2385 3058 vel
2422 2999 2565 3061 odio
2611 3001 2974 3064 habendum
3000 3006 3174 3073 illud,
3231 3010 3342 3070 de-

1775 3089 2134 3163 terminare,
2165 3095 2376 3151 tamen
2407 3092 2456 3153 si
2487 3099 2678 3167 amat,
2721 3095 2891 3173 quod
2923 3097 3042 3159 hoc
3090 3107 3235 3161 actu
3275 3103 3339 3163 in

1777 3180 2118 3255 individuo,
2143 3183 2352 3261 potius
2375 3203 2562 3263 quam
2593 3188 2716 3248 alio
2735 3196 2928 3263 amet,
2956 3210 3086 3251 non
3113 3201 3208 3255 est
3230 3214 3339 3275 po·

1776 3275 1962 3334 situm
1989 3277 2054 3335 in
2081 3278 2219 3356 ejus
2245 3278 2554 3353 libertate,
2585 3282 2696 3342 sed
2723 3283 2978 3347 aliunde
3023 3290 3335 3367 provenit,

1776 3366 2036 3443 scilicet,
2068 3388 2144 3429 ex
2172 3372 2828 3449 praedeterminatione
2862 3378 3090 3439 divina.

1850 3462 2182 3540 Responsio
2214 3466 2298 3526 ad
2347 3465 2722 3545 objectionem
2764 3487 2837 3531 ex
2867 3472 3146 3537 doctrina
3186 3476 3339 3539 1720-

1769 3553 2117 3615 mistarum.
2165 3587 2245 3601 -
2305 3558 2782 3637 Respondemus
2847 3568 3059 3625 tamen
3131 3566 3339 3646 impri-

1770 3646 1890 3705 mis
1920 3645 2347 3709 difficultatem
2371 3651 2533 3712 hanc
2560 3653 2744 3730 objici
2775 3656 2954 3716 nobis
2994 3677 3120 3719 non
3149 3678 3336 3738 posse

1773 3740 1851 3799 ab
1890 3739 1989 3799 his
2037 3744 2418 3815 auctoribuS,
2451 3746 2556 3823 qui
2587 3747 2649 3807 S.
2684 3748 2936 3811 Thomae
2989 3752 3336 3814 doctrinam

1771 3834 2100 3894 nobiscum
2119 3836 2513 3913 profitentur,
2539 3856 2688 3899 nam
2719 3840 2925 3904 solent
2951 3846 3139 3925 hujus
3156 3848 3338 3909 scho-

1769 3925 1845 3987 1ae
1877 3927 2156 4005 magistri
2202 3929 2426 3989 docere
2465 3932 2581 3991 hos
2633 3931 2892 3994 effeetus
2935 3937 3332 4014 individuari,

1767 4018 1869 4079 vel
1900 4037 1938 4079 a
1967 4021 2230 4081 matoria
2263 4021 2530 4101 signata,
2556 4024 2656 4085 vel
2689 4042 2726 4083 a
2770 4030 3138 4105 quantitate,
3169 4034 3268 4093 vel
3298 4052 3335 4093 a

1770 4112 2053 4191 subjecto
2091 4114 2152 4172 in
2183 4132 2308 4193 quo
2341 4115 2411 4175 fit
2435 4117 2598 4176 actio
2633 4104 2777 4179 cuin
2811 4119 2908 4179 his
2937 4123 3332 4185 circumstan-

1768 4204 1903 4277 tiis,
1962 4205 2195 4266 scilicet
2255 4206 2374 4267 hoc
2417 4214 2724 4287 tempore,
2767 4211 2928 4284 locu,
2984 4222 3101 4275 etc.
3150 4218 3336 4278 Juxta

1768 4316 1960 4377 quam
1994 4299 2342 4359 doc-trinam
2370 4300 2434 4360 in
2473 4310 2778 4379 praesente
2821 4305 3178 4371 difficultate
3209 4316 3336 4371 n'on

1770 4392 2079 4471 oportebit
2111 4392 2446 4471 confugere
2469 4394 2551 4454 ad
2589 4395 3178 4463 determinationem
3209 4403 3338 4482 pri-

1766 4502 1885 4545 mae
1936 4501 2176 4561 causae3
2221 4486 2353 4559 sed,
2405 4486 2564 4547 sicut
2621 4489 3004 4565 dicebamuS,
3055 4512 3333 4568 causam,

1772 4596 1911 4657 quae
1945 4580 2136 4639 habet
2165 4580 2454 4641 virtutem
2481 4584 2862 4646 eminentem
2896 4588 2976 4648 ad
3005 4589 3220 4667 plures
3247 4591 3337 4649 ef-

1770 4673 1970 4733 fectus
1996 4672 2202 4751 specie
2239 4672 2582 4749 distinam,
2617 4678 2820 4739 solere
2869 4680 3181 4742 interdum
3229 4683 3340 4743 de-

1772 4766 2092 4827 terminari
2118 4766 2200 4826 ad
2234 4784 2428 4827 unum
2457 4770 2662 4847 potius
2687 4788 2876 4849 quam
2907 4773 2990 4832 ad
3015 4774 3229 4849 alium,
3263 4794 3340 4836 ex

1773 4859 2180 4937 dispositione
2235 4861 2424 4939 passi,
2467 4862 2554 4921 ita
2611 4863 2675 4922 in
2725 4866 3018 4942 praesenti
3072 4867 3334 4941 dicetur,

1783 4970 2070 5025 causam,
2130 4971 2206 5012 ex
2257 4971 2324 5013 se
2377 4954 2833 5017 indifferentem
2887 4957 2968 5017 ad
3022 4960 3340 5023 individua

1770 5045 1960 5105 unius
1999 5045 2250 5124 speciei,
2276 5046 2676 5109 determinari
2701 5050 2782 5110 ad
2809 5052 2928 5111 hoc
2949 5052 3339 5117 individuum

1772 5138 2270 5217 producendum,
2321 5158 2396 5199 ex
2450 5158 2525 5200 eo
2578 5143 2748 5219 quod
2797 5144 2864 5204 in
2912 5147 3195 5227 subjecto
3243 5150 3340 5211 his

1778 5232 2286 5311 dispositionibus
2315 5234 2561 5305 affecto,
2597 5252 2669 5295 ac
2704 5254 2846 5297 cum
2892 5240 2991 5300 his
3037 5242 3343 5303 conditio-

1774 5324 1960 5385 nibus
1992 5344 2064 5385 ac
2093 5326 2568 5387 circumstantiis
2603 5336 2918 5406 operatur.

1854 5420 1915 5479 4.
1962 5418 2235 5481 Facilior
2275 5422 2692 5497 responsio.—-
2706 5424 2853 5499 Sed,
2883 5426 3178 5503 quoniam
3209 5424 3340 5487 haec

1774 5514 2122 5593 responsiO,
2165 5510 2307 5573 licet
2343 5514 2523 5575 valde
2565 5516 2904 5595 probabilis
2946 5520 3043 5591 sit,
3080 5535 3343 5597 magnas

2969 5628 3004 5688 3
