3850 6225
486 396 607 460 ’ΞΟ

487 508 739 583 catione,
768 516 828 575 et
850 517 1078 575 nostrce
1115 510 1451 575 voluntatis
1486 511 1753 593 mirifica
1792 510 2052 574 inclina-

486 602 643 665 tione
696 609 755 666 et
792 603 1120 685 inflexione
1143 652 1161 675 ,
1220 603 1463 687 benique
1512 622 1619 667 nos
1670 606 1947 685 adjuvat,
1981 606 2054 667 ut

486 696 951 773 consentiamus,
994 704 1053 763 st
1086 698 1427 761 obediamus
1464 698 1767 761 vocationi
1792 716 1921 761 sace
1934 723 1960 770 ,·
1988 702 2050 757 et

486 788 655 849 idem
698 790 833 851 fere
882 790 1125 853 dixerat
1170 790 1358 869 capit.
1412 792 1473 865 5,
1525 792 1589 851 in
1627 790 1745 851 illis
1790 788 2044 850 verbis:

485 882 632 963 Ipse
656 884 826 946 solus
849 886 1003 961 facit
1026 890 1098 947 at
1128 884 1448 961 faciamus,
1477 884 1601 947 sive
1628 883 1929 965 aliquem
1955 884 2052 945 bo-

484 975 583 1037 nis
609 976 1135 1059 inspirationibus,
1172 976 1296 1041 sive
1329 978 1451 1043 alio
1483 979 1687 1061 iynoto
1726 978 1894 1041 nobis
1926 994 2054 1039 mo-

484 1070 581 1145 do,
620 1070 980 1151 applicando
996 1117 1011 1144 ‚
1068 1076 1128 1134 et
1176 1069 1537 1151 inflectendo
1582 1072 1952 1135 voluntatem
1974 1072 2059 1135 ad

485 1164 871 1244 opor-anam.
914 1163 1040 1225 Sed
1065 1163 1392 1243 imprimis„
1440 1170 1511 1225 ut
1539 1183 1613 1225 ex
1652 1164 1803 1243 ipsis
1842 1164 2052 1225 verbis

486 1260 749 1330 constat,
782 1256 885 1317 hic
928 1261 1148 1318 auctor
1198 1275 1326 1317 non
1376 1258 1647 1319 affirmat
1672 1258 1849 1319 illum
1876 1258 2054 1338 igno-

485 1354 621 1408 tum
645 1348 907 1411 modum
949 1354 1255 1430 tanquam
1282 1354 1546 1423 certum,
1593 1368 1713 1413 nec
1749 1357 2052 1430 tanquam

482 1441 908 1503 necessarium
944 1442 1027 1504 ad
1070 1441 1351 1523 singulos
1388 1448 1584 1504 actus.
1618 1444 1855 1505 Deinde
1886 1462 2053 1505 nun-

484 1552 675 1614 quam
702 1534 854 1597 dixit
879 1554 994 1616 per
1014 1536 1189 1597 illum
1213 1536 1474 1597 modum
1492 1538 1693 1597 Deum
1711 1537 2054 1617 praedeter-

484 1628 726 1689 minare
754 1629 1011 1709 physice
1042 1631 1455 1703 voluntatem,
1490 1629 1617 1690 imo
1660 1647 1778 1691 nec
1805 1631 2053 1708 praede-

482 1722 866 1795 terminare;
902 1722 1056 1802 quin
1096 1722 1301 1803 potius
1352 1723 1560 1796 sentit,
1591 1741 1720 1784 non
1761 1723 2050 1785 obstante

482 1820 615 1877 tota
644 1814 750 1876 illa
778 1818 1027 1879 actione
1062 1816 1199 1889 Dei,
1230 1836 1417 1896 posse
1456 1815 1844 1878 voluntatem
1868 1817 2054 1879 resis-

490 1914 641 1984 tere,
672 1914 741 1971 ut
766 1914 938 1988 patet
981 1929 1058 1971 ex
1106 1909 1205 1971 bis
1234 1928 1374 1989 quae
1414 1910 1675 1972 inferius
1704 1910 2048 1991 subjungit,

484 2020 621 2081 cap.
656 2004 695 2063 8
739 2010 801 2065 et
836 2007 897 2067 9.
930 2004 1146 2081 Itaque
1175 2008 1305 2064 tota
1348 2003 1454 2064 illa
1484 2003 1841 2083 applicatio,
1872 2010 1934 2066 et
1955 2005 2048 2065 in-

482 2094 669 2155 flexio
702 2114 814 2157 seu
866 2096 1188 2158 inclinatio
1204 2096 1584 2169 voluntatiS‚
1644 2097 2050 2178 intelligenda

485 2191 583 2247 est
619 2205 733 2265 per
773 2190 1133 2251 affectiones
1158 2234 1171 2261 ,
1232 2194 1295 2251 et
1342 2190 1779 2270 dispositiones
1826 2192 2052 2252 vitales

482 2281 680 2359 ipsius
716 2282 1073 2355 voluntatiS‚
1128 2283 1355 2361 quibus
1408 2301 1445 2344 a
1490 2286 1618 2343 Deo
1657 2291 2050 2364 praeparatur

486 2381 547 2433 et
584 2373 955 2454 disponitur,
993 2380 1061 2436 ut
1104 2375 1377 2437 divinam
1416 2377 1809 2438 vocationem
1853 2378 2045 2439 susci-

484 2466 639 2546 piat.

566 2559 793 2623 Ultimo
814 2561 976 2632 loco,
999 2562 1065 2623 in
1085 2563 1367 2625 favorem
1396 2564 1584 2644 hujus
1612 2567 1936 2626 sententiae
1957 2583 2053 2626 re-

484 2654 684 2716 feram
713 2655 1102 2717 Dominicum
1139 2656 1311 2731 Sota,
1346 2657 1509 2719 inter
1535 2657 1872 2719 modernos
1888 2660 2056 2719 Tho-

482 2748 703 2809 mistas
736 2747 1049 2825 insignem
1086 2748 1499 2829 Theologum,
1531 2750 1660 2830 qui,
1690 2750 1847 2812 libro
1896 2754 1923 2811 ¹
1975 2750 2053 2812 de

483 2843 623 2905 Nat.
676 2845 739 2903 et
766 2842 965 2916 Grat.,
996 2862 1053 2905 c.
1088 2846 1165 2905 16
1185 2890 1201 2918 ,
1234 2851 1303 2906 ut
1348 2834 1685 2907 satisfaciat
1718 2844 2050 2917 haereticiS,

486 2935 921 3015 objicientibus
940 2940 1141 2999 Deum
1172 2957 1285 2999 sua
1308 2939 1627 3001 voluntate
1658 2940 1891 3001 efficaci
1913 2958 2052 3001 nos-

484 3034 615 3090 tras
650 3032 1069 3105 necessitare‚
1120 3031 1460 3111 respondet
1495 3032 1560 3093 id
1608 3032 1838 3094 falsum
1880 3050 2044 3108 esse,

486 3123 634 3203 quia
663 3124 855 3199 Deus,
886 3144 1000 3186 sua
1036 3125 1279 3188 infinita
1302 3129 1607 3207 sapientia
1654 3133 1717 3190 et
1747 3128 2046 3207 potentia,

485 3236 630 3279 cum
685 3217 947 3300 singulis
982 3221 1186 3282 causis
1232 3222 1527 3284 secundis
1566 3221 1755 3284 modo
1798 3223 2052 3302 proprio

486 3312 837 3384 concurrit;
872 3313 1199 3376 declarans
1226 3301 1438 3376 autem
1466 3315 1605 3394 quis
1653 3317 1732 3376 sit
1764 3316 1881 3376 iste
1920 3333 2054 3376 mo-

487 3406 605 3466 dus
642 3413 935 3485 respectu
973 3413 1203 3468 nostrae
1254 3409 1613 3482 voluntatis,
1644 3414 1858 3488 aperte
1905 3408 2055 3471 dicit

486 3518 613 3560 non
644 3517 782 3560 esse
794 3519 907 3580 per
930 3502 1316 3562 voluntatem
1339 3503 1448 3563 Dei
1472 3502 1793 3566 efficacem
1811 3509 1873 3564 et
1896 3521 2054 3581 prce·

488 3591 1039 3667 determinantem,
1086 3600 1149 3656 et
1185 3595 1327 3657 ideo
1356 3613 1485 3656 non
1522 3595 1751 3658 inferre
1781 3597 2050 3659 necessi-

486 3691 726 3758 tatem;
766 3687 959 3748 verba
1003 3687 1140 3768 ejus
1187 3693 1369 3750 sunt:
1408 3687 1722 3765 Quocirca,
1766 3691 2060 3771 quidquid

484 3779 654 3841 Deus
689 3780 841 3854 vult,
878 3781 1187 3843 voluntate
1235 3781 1526 3856 absolata,
1564 3787 1622 3845 et
1666 3799 1800 3862 qua.»
1828 3783 2055 3845 dicitur

485 3871 862 3951 beneplaciti,
867 3875 964 3953 fit,
983 3875 1179 3953 juata
1201 3875 1363 3936 illud
1373 3900 1395 3935 .·
1426 3875 1737 3940 Voluntati
1760 3876 1891 3955 ejus
1914 3875 2053 3956 quis

483 3963 726 4028 resistet
750 3967 780 4028 ‚²
812 3965 1061 4040 Quando
1088 3972 1285 4031 autem
1304 3985 1437 4031 cum
1452 3967 1637 4030 libero
1666 3968 1896 4030 homine
1914 3985 2053 4039 con·

486 4061 708 4130 cmv-it,
750 4076 871 4122 non
896 4059 1217 4124 maratica
1238 4060 1400 4139 fieri,
1434 4059 1561 4123 nisi
1586 4061 1763 4124 salva
1788 4062 2055 4124 limana

485 4155 737 4228 natam-a,
770 4158 827 4215 et
854 4153 1039 4216 libera
1066 4153 1397 4226 voluntate,
1437 4170 1569 4233 quae
1613 4154 1837 4217 idcirco
1861 4155 2054 4216 resis-

484 4247 607 4305 tere
637 4245 760 4306 Deo
788 4250 982 4325 potest
997 4271 1023 4319 ,·
1044 4263 1195 4324 ergo
1223 4248 1409 4308 sentit
1448 4246 1619 4307 illam
1642 4246 2047 4320 voluntatem,

484 4354 611 4414 qua
638 4337 807 4399 Deus
836 4339 1163 4414 concurrit,
1204 4359 1335 4401 non
1364 4358 1503 4402 esse
1532 4339 1905 4414 absolutam,
1937 4357 2050 4400 ne—

486 4449 610 4510 que
630 4430 951 4494 includere
976 4433 1165 4494 talem
1192 4434 1561 4506 motionem,
1592 4435 1689 4493 cui
1720 4451 1836 4494 nos
1866 4434 2051 4494 resis-

483 4529 617 4585 tere
662 4542 791 4585 non
829 4525 1140 4603 possimus
1160 4541 1182 4602 3
1220 4524 1391 4587 unde
1421 4525 1684 4586 inferius
1712 4526 1795 4586 ait
1828 4545 1842 4585 ι
1882 4525 2051 4589 Sunt

486 4617 615 4680 alia
643 4618 891 4680 secundi
926 4618 1163 4700 ceneris
1196 4635 1378 4698 opera
1396 4663 1413 4690 ,
1460 4637 1591 4700 qua·
1614 4618 1710 4682 ita
1759 4618 1826 4679 in
1880 4621 2050 4682 nobis

485 4711 652 4774 Deus
688 4716 937 4783 exercet,
963 4710 1022 4773 si
1062 4727 1172 4772 nos
1200 4715 1401 4773 tamen
1440 4729 1756 4774 assensum
1782 4713 2052 4793 pra-bea-

484 4819 620 4865 mus
638 4825 661 4872 ;
700 4803 807 4864 ubi
840 4803 990 4864 satis
1046 4802 1339 4881 explicuit
1385 4804 1807 4865 conditionem
1836 4805 1903 4865 in
1945 4805 2050 4865 illa

484 4895 803 4958 voluntate
856 4896 965 4958 Dei
1016 4897 1353 4970 inclusam;
1396 4903 1459 4958 et
1495 4897 1755 4958 inferius
1792 4899 2048 4960 tandem

485 4986 572 5049 ait
599 5006 613 5048 :
642 4987 827 5053 Nihil
856 4990 1032 5052 aliud
1050 4994 1138 5051 est
1164 5005 1257 5051 me
1280 4991 1473 5053 Dewm
1506 4991 1613 5053 hoc
1659 4993 1829 5054 modo
1854 4981 2048 5054 „iove-

482 5099 573 5158 re,
604 5100 783 5164 quam
806 5099 1033 5146 mecum
1055 5099 1405 5146 concurrere
1423 5083 1509 5144 ad
1529 5083 1881 5146 eliciendum
1901 5085 2050 5147 libe-

484 5193 624 5255 rupa
646 5179 869 5238 actum.
905 5175 1119 5252 Ipsum
1150 5175 1318 5236 enim
1346 5176 1455 5235 Dei
1484 5191 1885 5248 concursum,
1913 5194 2051 5237 mo-

485 5266 719 5328 tionem
746 5267 881 5339 Dei,
923 5257 1149 5349 imqet
1185 5269 1664 5348 .psa‘3motionem
1698 5269 2051 5348 appellave-

484 5364 603 5431 rat,
641 5377 767 5420 non
796 5361 857 5420 in
888 5379 1081 5430 sensu
1104 5349 1527 5442 recentiorum
1556 5366 1903 5434 anctorum,
1937 5360 2050 5423 sed

485 5451 909 5532 antiquorum,
944 5460 1006 5515 et
1046 5455 1111 5514 in
1140 5473 1215 5516 eo
1247 5451 1435 5515 modo
1455 5473 1582 5533 quo
1616 5471 1807 5516 causa
1846 5455 2048 5534 prima

486 5542 707 5606 dicitur
733 5546 907 5626 prius
940 5553 1163 5608 natura
1204 5548 1494 5620 influere,
1529 5553 1595 5608 ut
1636 5566 1805 5626 saepe
1830 5546 1893 5608 in
1943 5565 2048 5608 su·

1328 408 1537 461 OPUSG.
1576 411 1617 473 l,
1648 410 1767 463 HR.
1804 410 1887 463 m.
1924 408 2006 461 DE
2037 406 2310 463 auxtuis
2341 406 2572 462 mvmAE
2603 404 2864 461 GRATlAE.

2132 508 2485 589 perioribus
2514 508 2935 590 exposuimus.
2983 508 3059 569 Et
3083 498 3223 567 ideo
3251 502 3524 564 consulto
3567 520 3646 561 vo·

2133 602 2294 663 cavit
2315 602 2490 663 illam
2505 602 2845 663 motionem
2861 601 3124 662 liberam
3143 594 3405 670 homini,
3426 612 3501 653 ne
3522 594 3648 652 exis-

2131 696 2457 759 timaretur
2485 714 2624 757 esse
2653 696 2846 757 motio
2873 694 3108 772 aliqua,
3141 691 3220 753 ad
3249 706 3442 769 qnam
3477 686 3649 747 volun-

2129 794 2228 851 tas
2267 807 2440 851 mere
2471 791 2716 870 passive
2745 806 2813 850 se
2860 788 3135 858 habeat,
3191 782 3398 865 qualis
3449 786 3532 841 est
3569 780 3650 839 illa

2130 884 2456 963 praemotio
2497 902 2571 945 ac
2594 878 3160 963 proedeterminatio
3183 876 3466 958 physica,
3499 890 3652 952 quam

2131 977 2278 1039 novi
2303 977 2603 1059 Theologi
2631 982 2896 1057 ponunt.
2923 976 3172 1036 Tractat
3197 977 3415 1033 autem
3439 968 3516 1029 ibi
3535 969 3648 1029 Solo

2133 1070 2487 1149 specialiter
2523 1070 2600 1131 de
2628 1070 2872 1131 actibus
2895 1061 3490 1149 supernaturalibus
3521 1059 3650 1120 etde

2131 1163 2424 1225 omnibus
2453 1162 2698 1223 auxiliis
2731 1162 2944 1245 gratiae
2965 1178 3106 1240 quae
3133 1158 3214 1219 ad
3240 1157 3384 1218 illos
3407 1170 3652 1215 necesss-

2131 1256 2226 1317 ria
2251 1262 2419 1330 sunt,
2443 1262 2506 1317 et
2521 1257 2702 1335 juxta
2730 1256 2896 1317 hanc
2922 1254 3271 1316 doctrinam
3291 1246 3537 1329 exponit
3555 1264 3651 1306 om·

2131 1347 2237 1409 nia
2265 1349 2597 1430 Scriptura}
2629 1346 2791 1425 loca,
2823 1349 2889 1408 in
2911 1347 3137 1428 quibus
3159 1345 3227 1405 hi
3255 1348 3435 1405 actus
3459 1342 3571 1401 Deo
3589 1344 3654 1399 at·

2131 1440 2513 1516 tribuuntur,
2533 1443 2760 1505 eodem
2785 1442 2918 1504 fere
2945 1439 3132 1501 modo
3155 1456 3283 1517 quo
3313 1450 3432 1495 nos
3455 1431 3516 1493 id
3534 1450 3656 1511 pra.-

2133 1535 2442 1597 stabimus
2479 1538 2712 1611 statim‚
2745 1554 2884 1616 cap.
2927 1537 3026 1596 ¹4.
3053 1535 3144 1595 Ex
3191 1531 3295 1591 his
3349 1544 3496 1588 sane
3541 1526 3654 1585 satis

2133 1634 2350 1708 aperta
2381 1636 2515 1692 erat
2545 1632 2856 1693 sententia
2896 1628 3061 1700 soti3
3103 1624 3241 1699 sed,
3277 1630 3348 1685 ut
3365 1620 3554 1700 magis
3576 1618 3653 1679 ad·

2131 1724 2257 1785 huc
2292 1732 2534 1788 constet
2565 1744 2758 1805 quam
2787 1744 2866 1787 ex
2893 1724 3128 1795 animo,
3155 1720 3293 1782 sola
3323 1717 3552 1779 ratione
3577 1714 3654 1773 ad-

2134 1816 2379 1891 ductuS,
2401 1820 2458 1879 ei
2489 1820 2842 1893 adhaeserit,
2859 1816 3166 1878 videndus
3193 1818 3294 1875 est
3319 1811 3386 1872 in
3410 1810 3480 1869 iis
3507 1806 3652 1887 expli·

2135 1911 2480 1973 nationibus
2522 1930 2780 1974 suarum
2817 1910 3184 1991 opinionum
3206 1951 3223 1981 ,
3257 1922 3418 1985 quas
3465 1900 3654 1963 addidit

2133 2004 2419 2066 consulto
2441 2005 2523 2066 ad
2549 2006 2766 2079 finem,
2781 2005 2940 2066 libro
2956 2009 3180 2083 quarto
3211 1994 3650 2063 Sententiarum.

2133 2098 2384 2159 Etenim
2407 2144 2423 2173 ,
2478 2117 2626 2161 cum
2662 2102 2870 2179 ipsum
2925 2094 3443 2177 reprehendisset
3491 2088 3656 2150 nescio

2133 2191 2295 2271 quis,
2330 2210 2410 2254 ex
2439 2212 2513 2254 eo
2535 2194 2707 2273 quod
2735 2194 2801 2254 in
2829 2194 2950 2255 hac
2979 2210 3094 2253 sua
3123 2187 3424 2269 opinione
3443 2185 3656 2246 nimium

2129 2283 2341 2345 favere
2367 2285 2694 2347 videretur
2711 2286 2912 2347 libero
2933 2283 3213 2355 arbitrio,
3233 2280 3530 2342 versiculo
3550 2276 3656 2349 Qut-

2131 2380 2271 2443 dam
2311 2396 2468 2456 vero,
2503 2379 2706 2460 inquit
2735 2381 2800 2442 in
2829 2380 2967 2441 har-c
2993 2378 3228 2440 verba:
3267 2374 3516 2451 Quidam
3554 2386 3653 2433 cero

2135 2472 2242 2535 boc
2299 2477 2515 2537 taxare
2553 2474 2895 2550 voluerunt,
2939 2473 3220 2545 dicentes,
3267 2469 3428 2551 quod
3447 2466 3656 2526 nimian

2135 2562 2449 2628 tribuerim
2480 2566 2663 2629 libero
2688 2564 2940 2629 arbitrio
2971 2566 3040 2626 in
3047 2558 3516 2643 jicstificatiosis
3551 2573 3653 2619 cau-

2133 2675 2227 2721 sa.
2245 2658 2340 2722 Et
2360 2661 2580 2732 tamen,
2612 2660 2787 2725 salva
2809 2676 3040 2740 semper
3071 2654 3400 2721 Catholica-
3412 2648 3653 2717 Ecclesia

2137 2768 2418 2825 censura,
2447 2752 2716 2815 arbitror
2741 2752 3076 2817 necessario
3106 2751 3196 2813 sic
3247 2746 3586 2815 nicenum
3609 2746 3652 2801 et

2133 2844 2324 2923 paulo
2343 2844 2502 2905 intra
2527 2864 2540 2905 :
2565 2846 2660 2909 Et
2681 2848 2836 2919 ideo,
2853 2852 3174 2928 postquam
3197 2842 3366 2906 discit
3397 2836 3648 2907 Christus,

2132 2938 2318 3000 Joan.
2351 2939 2426 2999 6:
2467 2938 2660 3003 Nemo
2695 2944 2898 3023 potest
2937 2939 3138 3001 venire
3161 2938 3382 3008 adme,
3421 2932 3536 2993 nisi
3557 2930 3652 2991 Pc-

2133 3034 2246 3102 ter,
2277 3032 2383 3111 qai
2402 3048 2494 3093 me
2517 3030 2711 3105 misit,
2743 3034 3006 3097 traxerit
3029 3048 3183 3103 emn,
3211 3026 3540 3103 subjanxit:
3563 3020 3652 3094 Ου’

2133 3125 2307 3188 audit
2328 3129 2388 3188 et
2409 3126 2612 3200 discit,
2631 3126 2794 3189 venit
2815 3128 3001 3189 adme
3016 3151 3041 3199 ‚·
3071 3125 3252 3207 quasi
3274 3121 3344 3183 in
3370 3123 3562 3182 nostra
3575 3131 3652 3196 po-

2133 3221 2350 3280 testate
2373 3217 2458 3279 sit
2471 3217 2743 3282 trahenti
2761 3217 3056 3282 assentire
3069 3222 3176 3280 aut
3187 3214 3520 3279 dissentire.
3537 3211 3650 3270 Haec

2135 3311 2338 3372 SotuS.
2373 3309 2533 3373 Satis
2577 3311 2766 3391 igitur
2817 3316 3058 3372 constat
3109 3307 3488 3370 sententiam
3526 3303 3650 3360 hanc

2133 3421 2341 3482 neque
2385 3421 2522 3465 esse
2552 3423 2803 3478 novam,
2843 3423 2988 3465 cum
3017 3404 3094 3464 sit
3121 3403 3203 3464 ab
3253 3394 3650 3477 antiquissimis

2135 3496 2417 3558 Patribus
2446 3497 2694 3572 tradita,
2726 3515 2933 3578 neque
2963 3515 3100 3558 esse
3130 3495 3453 3576 propriam
3487 3491 3650 3550 Theo-

2131 3589 2423 3670 logorum
2459 3590 2786 3653 Societatis
2813 3593 2984 3667 lesu,
3019 3607 3162 3651 cum
3191 3587 3472 3649 omnium
3515 3580 3650 3642 ordi-

2133 3701 2285 3743 num
2334 3689 2621 3746 auctores
2657 3684 2829 3744 illam
2858 3684 3145 3753 doceant,
3183 3679 3470 3761 quamvis
3499 3672 3650 3736 nesti-i

2131 3775 2395 3836 fortasse
2426 3774 2773 3838 distinctius
2805 3783 2867 3838 et
2887 3775 3240 3838 accuratius
3265 3789 3408 3834 eam
3434 3765 3652 3830 tradide-

2133 3869 2256 3930 rint
2290 3912 2307 3941 ,
2361 3875 2422 3929 et
2468 3869 2696 3949 insigni
2755 3871 3103 3932 eruditione
3155 3861 3647 3948 locupletaverint.

2135 3962 2301 4034 Quos
2333 3963 2452 4024 hoc
2479 3965 2617 4026 loco
2637 3983 2766 4026 non
2795 3963 3022 4040 refero,
3063 3981 3146 4026 ne
3181 3958 3530 4023 domesticis
3550 3960 3646 4015 tes-

2133 4056 2298 4116 tibus
2326 4056 2416 4117 uti
2441 4056 2676 4118 videar.

2693 4279 2945 4342 CAPUT
2983 4280 3138 4342 XIV.

2129 4505 2398 4558 QUOMOBO
2459 4505 2701 4552 GRATIAE
2755 4505 3065 4552 Burmann
3114 4501 3530 4552 {mammonam
3569 4497 3639 4544 SIT

2294 4599 2518 4652 anselm
2557 4599 2804 4646 12anch
2841 4597 3506 4648 Pumrnmmmnons.

2214 4807 2270 4864 1.
2335 4803 2559 4866 Μαι
2621 4802 2814 4866 modis
2861 4806 3064 4886 potest
3115 4801 3418 4866 omilim
3463 4794 3641 4882 qratia·

2131 4896 2254 4959 dici
2296 4899 2533 4977 efficax.
2565 4927 2637 4943 -
2685 4896 2960 4959 Primus.
2983 4927 3067 4944 ··—
3094 4895 3458 4974 Priusquam
3497 4905 3640 4966 argu·

2129 4990 2355 5051 mentis
2401 4988 2919 5069 respondeamus,
2953 4990 3181 5068 quibus
3227 4995 3502 5050 auctores
3525 4997 3640 5042 con-

2129 5084 2334 5144 trariae
2374 5082 2698 5144 sententiis
2725 5083 2875 5144 moti
2905 5086 3052 5144 sunt
3077 5083 3158 5144 ad
3189 5075 3638 5144 constituendum

2130 5175 2430 5237 auxilium
2463 5175 2681 5237 efficax
2727 5176 2790 5236 in
2829 5175 2934 5236 illa
2967 5175 3228 5256 physica
3277 5165 3640 5255 praedetermi-

2131 5269 2408 5341 natione,
2437 5274 2682 5347 oportet
2709 5275 2778 5329 ut
2803 5269 3188 5350 explicemus
3213 5267 3361 5349 quid
3391 5262 3638 5327 auxilium

2131 5361 2350 5422 efficax
2380 5361 2479 5434 sit,
2509 5365 2569 5422 et
2611 5361 2779 5422 unde
2825 5361 2988 5423 illius
3037 5361 3312 5423 efficacia
3339 5354 3636 5440 proveniat,

2127 5455 2226 5516 vel
2255 5454 2321 5515 in
2345 5471 2470 5534 quo
2503 5455 2819 5518 consistat.
2851 5457 2956 5518 Est
2999 5462 3231 5529 autem,
3270 5461 3336 5515 ut
3367 5467 3536 5529 supra
3569 5451 3639 5504 te·

2127 5549 2260 5628 tigi,
2315 5565 2462 5628 cap..
2505 5549 2568 5622 6,
2617 5548 2718 5608 illa
2767 5568 2910 5626 vox,
2939 5551 3176 5629 efficax,
3207 5539 3633 5626 distinguenda;
