3850 6225
512 344 631 407 528

511 468 623 531 que
636 450 751 530 jus
772 450 1453 531 propo-im.-Duobus
1474 453 1665 529 igitur
1686 451 1889 513 modis
1918 452 2082 513 hanc

512 548 755 623 partem
787 542 1051 605 ostendo
1088 563 1101 604 :
1147 544 1350 623 primo
1380 546 1713 619 ostensive,
1758 543 2082 625 applican-

512 636 595 697 do
620 654 733 697 seu
758 636 1103 711 formaliter
1120 638 1549 700 contrahendo
1578 638 1940 719 generalem
1971 640 2081 699 de-

510 730 857 792 finitionem
879 731 1155 809 justitiae,
1182 732 1383 805 uteie,
1406 731 1489 792 ad
1510 732 1866 811 specificam
1894 732 2078 793 ratio-

510 842 659 885 nem
684 824 936 903 justitiis
968 825 1449 887 commutativae.
1490 826 1669 898 Nam,
1706 824 1863 887 sieut
1898 824 2086 904 justi-

514 916 599 979 tia
632 916 947 989 definitur,
999 917 1170 997 quod
1209 918 1288 980 sit
1342 924 1635 980 constans
1677 925 1740 980 et
1780 922 2082 998 perpetua

510 1011 822 1083 voluntaS,
870 1012 979 1090 jus
1024 1031 1209 1073 suum
1264 1012 1601 1093 unicuique
1646 1008 1966 1087 tribuens,
1999 1013 2084 1075 ita

505 1103 747 1183 justitia
778 1104 1221 1167 commutativa
1249 1104 1497 1167 definiri
1534 1111 1760 1185 potest,
1804 1104 1975 1185 quod
2004 1104 2081 1165 sit

514 1202 808 1258 constans
838 1201 900 1257 et
925 1204 1233 1276 perpetua
1270 1197 1561 1259 voluntas
1593 1198 1934 1277 unicuique
1967 1196 2077 1259 tri·

508 1290 715 1351 bueus
736 1291 842 1369 jus
872 1308 1057 1351 suum
1084 1292 1431 1371 proprium,
1462 1290 1524 1352 id
1554 1296 1667 1363 est,
1700 1291 1851 1361 tale,
1882 1296 1954 1351 ut
1979 1290 2082 1352 vel

510 1381 591 1443 sit
626 1385 951 1463 proprium
979 1383 1329 1446 dominium
1364 1385 1479 1459 rei,
1507 1384 1610 1447 vel
1636 1384 1725 1445 illi
1756 1384 2078 1447 moraliter

510 1476 919 1555 aequivaleat3
966 1478 1076 1539 sed
1116 1479 1181 1539 in
1220 1484 1349 1539 tota
1382 1477 1499 1539 hae
1528 1476 1891 1539 definitione
1918 1496 2076 1556 prae·

508 1569 637 1631 cise
694 1588 767 1631 ac
822 1569 1167 1631 formaliter
1214 1577 1463 1649 sumpta
1532 1569 1700 1629 nulla
1744 1570 2080 1631 involvitur

508 1662 895 1741 imperfectio
920 1682 935 1735 ;
962 1682 1112 1742 ergo
1140 1663 1373 1743 justitia
1396 1654 1839 1725 commutativa
1858 1683 2077 1726 seeun-

506 1756 659 1817 dum
699 1772 879 1817 suam
908 1756 1235 1819 formalem
1266 1758 1571 1818 rationem
1603 1757 1843 1819 nullam
1884 1757 2078 1819 invol-

505 1847 594 1911 vit
661 1848 1217 1929 imperfectionem.
1270 1850 1731 1928 Consequentia
1796 1850 2076 1911 formalis

508 1947 644 2013 est;
680 1942 883 2021 major
914 1942 1291 2017 declaratur,
1337 1943 1485 2019 quia
1538 1944 1780 2022 species
1830 1943 2074 2005 virtutis

508 2054 587 2097 ex
636 2036 883 2114 objecto
933 2035 1179 2097 formali
1230 2036 1537 2097 sumenda
1570 2042 1701 2109 θεῖς
1754 2036 2073 2115 objectum

508 2136 720 2191 autem
742 2127 997 2208 justitiae
1030 2134 1124 2189 est
1142 2128 1271 2208 jus,
1306 2132 1374 2190 ut
1400 2134 1575 2208 patet
1603 2147 1681 2189 ex
1708 2128 2073 2191 definitione

506 2223 678 2299 data,
710 2230 872 2283 etex
898 2222 1051 2283 Divo
1078 2224 1318 2283 Thoma
1348 2224 1408 2283 Ξ.
1442 2224 1503 2295 2,
1528 2228 1751 2301 quaest.
1774 2224 1853 2285 57
1880 2228 1944 2283 et
1969 2222 2070 2288 58.

508 2322 572 2377 et
600 2314 748 2393 quia
780 2333 894 2395 per
934 2315 1055 2375 hoc
1094 2313 1497 2394 distinguitur
1534 2316 1615 2375 ah
1652 2314 1791 2375 aliis
1832 2314 2076 2375 virtuti-

504 2409 647 2481 buS,
668 2426 807 2487 quae
826 2407 1065 2488 justitia
1096 2426 1222 2469 non
1253 2414 1419 2483 sunt,
1454 2406 1699 2469 etiamsi
1726 2408 1889 2469 circa
1920 2407 2074 2469 alte-

504 2520 651 2563 rum
682 2506 1011 2563 versentur
1044 2519 1057 2561 :
1092 2518 1245 2581 ergo
1286 2520 1403 2580 per
1430 2502 1925 2563 contractionem
1961 2519 2074 2561 seu

506 2594 1091 2657 determinationem
1114 2596 1275 2675 juris
1294 2594 1774 2657 determinanda
1798 2601 1891 2656 est
1914 2594 2074 2655 ratio

498 2689 754 2769 justitiae
816 2687 883 2748 in
940 2688 1259 2749 communi
1326 2688 1409 2749 ad
1460 2688 1769 2749 rationem
1820 2686 2073 2767 justitie.

506 2780 987 2843 commutativae.
1042 2781 1159 2843 Per
1188 2780 1497 2860 justitiam
1542 2787 1757 2842 autem
1792 2798 2072 2841 commu·

503 2876 783 2949 tativam,
826 2892 1047 2935 omnes
1075 2875 1481 2955 intelligimus
1507 2874 1846 2953 quamdam
1894 2874 2074 2953 justi—

504 2970 679 3041 tiam,
706 2988 843 3049 quoe
882 2968 1179 3029 fundatur
1234 2969 1301 3029 in
1350 2968 1627 3047 quodam
1660 2968 1871 3029 debito
1924 2967 2073 3029 sim-

502 3063 767 3143 pliciter,
808 3061 979 3142 quod
1028 3060 1262 3142 obligat
1290 3060 1371 3124 ad
1416 3079 1555 3123 rem
1584 3060 1761 3122 alteri
1794 3058 2070 3125 dandam

500 3161 805 3235 tanquam
848 3174 1066 3226 suam;
1100 3161 1165 3216 et
1202 3155 1343 3218 ideo
1386 3155 1533 3217 huic
1568 3154 1823 3235 justitiae
1864 3153 2070 3234 potius

504 3267 695 3329 quam
749 3249 929 3311 alteri
994 3249 1276 3310 tribuunt
1330 3247 1630 3328 Theologi
1700 3244 2069 3308 restituendi

505 3342 973 3422 obligationem.
1006 3345 1067 3404 2.
1098 3345 1159 3414 2,
1192 3349 1411 3422 quoest.
1445 3343 1548 3415 62,
1582 3340 1757 3402 artic.
1786 3343 1844 3400 1.
1882 3341 2070 3418 Recte

504 3453 655 3515 ergo
697 3435 960 3496 dicimus
987 3436 1295 3497 rationem
1328 3434 1583 3514 justitiae
1638 3432 1703 3493 in
1752 3431 2070 3494 communi

504 3529 786 3590 contrahi
834 3527 917 3588 ad
946 3527 1483 3599 commutativam,
1540 3545 1655 3606 per
1698 3524 2070 3588 contractio·

502 3639 651 3684 nem
677 3622 839 3701 juris
876 3621 957 3682 ad
984 3623 1309 3702 proprium
1338 3627 1401 3682 et
1428 3625 1715 3684 exactum
1736 3620 1863 3700 jus.
1889 3618 2070 3692 Quod

502 3713 691 3774 etiam
744 3713 1129 3794 explicamus
1182 3731 1305 3794 per·
1333 3712 1681 3774 dominium
1704 3757 1719 3784 ,
1774 3711 1875 3772 vel
1918 3711 2026 3791 jus
2047 3757 2064 3786 ,

502 3806 673 3886 quod
724 3807 869 3868 huic
912 3807 1191 3867 dominio
1222 3807 1614 3886 aequivaleat.
1652 3805 1805 3866 Nam
1856 3803 2066 3881 (verbi

502 3900 743 3980 gratia)
798 3901 908 3978 qui
945 3919 1081 3962 rem
1129 3900 1293 3962 furto
1346 3899 1635 3972 abstulit,
1696 3903 1945 3960 tenetur
1989 3914 2065 3957 ex

493 3993 735 4074 justitia
760 3993 1201 4055 commutativa
1246 3991 1511 4054 reddere
1546 3991 1717 4052 illam
1764 4007 1915 4050 vero
1953 3988 2068 4050 do-

498 4087 706 4160 mino;
756 4086 901 4164 quia
930 4082 1181 4166 semper
1217 4085 1445 4148 retinet
1464 4084 1571 4163 jus
1596 4082 1829 4163 proprii
1864 4081 2066 4143 domi-

498 4179 587 4238 nii
616 4179 682 4239 in
710 4179 905 4253 illam,
938 4177 1105 4258 quod
1136 4185 1231 4240 est
1257 4179 1601 4240 maximum
1630 4183 1693 4238 et
1718 4175 2064 4256 perfectum

493 4273 599 4352 jus
640 4273 1035 4346 humanum;
1088 4273 1197 4351 qui
1257 4289 1405 4332 vero
1468 4269 1801 4350 pecuniam
1844 4273 2064 4330 mutuo

498 4365 743 4446 accepit
772 4409 789 4440 ,
840 4369 1091 4428 tenetur
1148 4383 1227 4426 ex
1278 4363 1502 4426 eadem
1541 4361 1781 4443 justitia
1832 4366 2064 4424 statuto

498 4465 781 4538 tempore
839 4459 1081 4520 solvere
1137 4459 1471 4532 mutuanti,
1530 4475 1657 4518 non
1694 4457 1842 4537 quia
1898 4455 2062 4518 illius

499 4551 845 4613 dominium
889 4552 1175 4627 retineat,
1220 4551 1375 4612 illud
1422 4551 1591 4612 enim
1622 4550 1966 4612 mutuando
1996 4549 2058 4610 in

498 4645 693 4706 alium
720 4646 1055 4719 transtulit,
1086 4645 1201 4707 sed
1236 4645 1385 4724 quia
1424 4645 1563 4706 loco
1602 4644 1767 4706 illius
1808 4643 2062 4706 retinuit

498 4738 817 4818 quoddam
830 4737 937 4817 jus
966 4739 1047 4798 ad
1074 4738 1247 4800 illam
1274 4733 1630 4818 pecuniam,
1662 4755 1775 4799 seu
1804 4735 2060 4798 solutio-

496 4851 681 4905 nem3
704 4830 875 4910 quod
896 4831 1215 4894 moraliter
1234 4831 1563 4910 aequivalet
1588 4829 1863 4892 dominio
1888 4828 2058 4908 quod

498 4923 613 4986 abs
670 4943 737 4986 se
788 4923 1119 4986 abdicavit.
1166 4927 1241 4986 Et
1300 4925 1433 5004 pari
1468 4924 1745 5000 ratione,
1778 4923 2061 5004 quamvis

496 5035 626 5077 non
660 5016 1047 5096 praecesserit
1082 5017 1415 5090 mutuatio,
1470 5017 1521 5078 si
1578 5035 1743 5078 unus
1778 5015 2062 5094 promisit

498 5109 678 5170 alteri
722 5109 937 5170 animo
988 5115 1049 5172 et
1106 5109 1423 5173 voluntate
1472 5109 1749 5171 donandi
1806 5109 1899 5170 illi
1935 5109 2059 5170 tale

488 5203 629 5282 jus,
662 5209 725 5264 et
768 5203 925 5264 alter
976 5203 1353 5282 acceptavit,
1402 5208 1649 5264 tenetur
1706 5221 1785 5262 ex
1834 5201 2058 5264 eadem

486 5295 728 5375 justitia
754 5296 907 5356 illud
928 5295 1172 5358 solvere
1194 5315 1211 5368 ς
1244 5295 1387 5375 quia
1414 5301 1557 5375 post
1578 5295 2057 5375 promissionem

489 5391 623 5468 jam
670 5389 1005 5468 intervenit
1056 5389 1140 5450 ibi
1174 5389 1281 5467 jus
1328 5389 1709 5468 aequivalens
1752 5389 2051 5452 dominio.

496 5481 667 5544 Idem
696 5483 1095 5546 considerare
1140 5483 1281 5544 licet
1310 5484 1373 5545 in
1408 5482 1917 5562 obligationibus,
1944 5503 2054 5545 sen

1468 350 1681 405 owse.
1716 351 1798 403 vl.
1836 350 2204 405 ntsrmuto
2237 354 2320 407 DS
2349 354 2625 437 insutis
2657 354 2778 407 nm.

2163 451 2413 529 debitis,
2451 472 2592 533 quoe
2625 454 2788 517 inter
2813 454 3102 517 homines
3125 456 3419 517 oriuntur
3447 473 3524 516 ex
3549 456 3728 517 actio-

2161 546 2345 608 nibus
2367 593 2383 620 ,
2439 546 2540 608 vel
2579 546 2976 627 passionibus
3019 548 3498 621 involuntariiS,
3543 554 3612 609 ut
3657 568 3724 609 ex

2161 640 2510 702 actionibus
2558 640 2922 719 injuriosis:
2969 658 3164 716 nam,
3199 640 3464 720 quando
3515 641 3724 719 aliquis
3814 662 3815 713 g

2165 732 2356 795 alium
2381 734 2672 795 vulnerat
2701 732 2900 809 (verbi
2939 735 3164 813 gratia)
3198 741 3310 795 aut
3345 734 3514 795 loedit
3539 736 3604 793 in
3629 736 3724 795 ho-

2163 844 2341 899 nore,
2371 828 2472 889 vel
2509 828 2696 901 fama,
2733 832 2852 889 etc.
2869 872 2891 903 ,
2921 827 3150 888 minuit
3193 826 3546 887 dominium
3577 829 3724 905 ejus,

2161 919 2265 979 vel
2295 921 2404 999 jus
2449 920 2830 999 aequivalens
2867 919 3142 981 dominio
3181 920 3266 980 ad
3317 938 3504 981 usum
3545 921 3728 979 alicu·

2155 1014 2264 1091 jus
2291 1014 2404 1085 rei,
2439 1030 2631 1091 quam
2659 1012 3044 1093 possidebat,
3073 1014 3172 1073 vel
3209 1014 3424 1091 potins
3451 1012 3728 1073 diminuit
3814 1054 3815 1079 ff

2159 1124 2297 1167 rem
2323 1107 2524 1185 ipsam
2557 1107 2738 1186 cujus
2765 1106 3116 1167 dominium
3143 1106 3243 1167 vel
3267 1106 3728 1184 possessionem

2157 1198 2466 1273 habebat3
2501 1198 2768 1279 ideoque
2803 1217 2882 1259 ex
2911 1198 3134 1259 eadem
3155 1199 3406 1277 justitia
3425 1198 3728 1276 obligatus
3814 1230 3815 1279 3

2157 1300 2373 1353 manet
2396 1291 2481 1353 ad
2514 1290 3074 1372 redintegrandum
3105 1290 3264 1353 illud
3293 1293 3429 1372 jus,
3463 1310 3580 1353 seu
3605 1310 3726 1351 rem
3814 1280 3815 1337 ἶ

2159 1384 2326 1445 illam
2357 1391 2666 1465 quantum
2693 1384 2757 1446 in
2783 1385 2920 1465 ipso
2953 1384 3162 1457 fuerit,
3205 1384 3310 1447 vel
3351 1384 3442 1445 ad
3469 1384 3728 1445 reddeu-

2159 1476 2304 1539 dam
2337 1478 2842 1557 aequivalentem,
2879 1478 2932 1540 si
2957 1478 3157 1539 altera
3185 1478 3494 1539 aestimari
3517 1483 3729 1556 potne-

2157 1571 2259 1632 rit.
2287 1572 2474 1633 Recte
2519 1590 2670 1651 ergo
2699 1590 2814 1651 per
2841 1571 3442 1633 determinationem
3471 1570 3616 1631 talis
3635 1572 3726 1649 ju·
3814 1644 3815 1649 ἵ

2158 1663 2244 1725 ris
2271 1664 2650 1743 specificatio
2685 1664 3146 1725 commutativae
3169 1664 3438 1743 justitiae
3469 1662 3728 1742 explica·
3814 1728 3815 1751 ἦ

2157 1762 2222 1817 ta
2257 1763 2372 1819 est.
2425 1758 2760 1837 Potestque
2799 1757 3069 1837 amplius
3109 1758 3230 1817 hoe
3277 1756 3600 1817 declarari
3627 1774 3730 1835 per
3814 1754 3815 1823 Τ

2157 1851 2692 1930 comparationem
2737 1849 2819 1911 ad
2844 1850 3151 1929 justitiam
3195 1850 3478 1928 legalem
3509 1856 3576 1909 et
3611 1850 3726 1909 dis-

2155 1943 2536 2018 tributivam,
2580 1962 2754 2019 nam,
2805 1944 2856 2005 si
2910 1944 3031 2006 illae
3069 1950 3215 2005 sunt
3240 1962 3412 2003 verm
3449 1944 3722 2022 justitiae,

2154 2041 2225 2097 ut
2279 2038 2690 2117 supponimus
2711 2081 2728 2112 ,
2779 2054 3042 2099 necesse
3097 2044 3194 2099 est
3234 2042 3305 2098 ut
3342 2038 3498 2117 jura
3525 2036 3728 2115 aliqua

2151 2130 2492 2210 respiciant
2529 2136 2592 2191 et
2645 2129 2956 2205 tribuant;
3009 2136 3072 2191 et
3111 2131 3164 2190 si
3209 2137 3361 2191 sunt
3395 2129 3725 2199 distinctis,
3814 2182 3815 2191 ,

2151 2228 2284 2285 tam
2309 2224 2474 2285 inter
2504 2241 2571 2285 se
2611 2241 2802 2303 quam
2847 2242 2886 2284 a
2935 2223 3407 2297 commutativa,
3443 2230 3516 2283 ut
3551 2222 3728 2283 etiam
3814 2216 3815 2273 ἒ

2155 2316 2588 2395 supponimus,
2617 2334 2878 2379 necesse
2905 2322 3000 2377 est
3037 2320 3107 2376 ut
3133 2316 3300 2377 cirea
3337 2316 3493 2396 jura
3535 2315 3729 2376 diver-
3814 2340 3815 2401 j

2155 2426 2368 2471 sarum
2409 2410 2722 2471 rationum
2767 2414 3118 2483 versentur,
3153 2416 3226 2469 ut
3281 2428 3362 2469 ex
3413 2408 3598 2469 dictis
3625 2429 3726 2487 pa-
3814 2410 3815 2441 ³

2153 2508 2265 2576 tet,
2299 2504 2444 2582 quia
2473 2502 2710 2565 debent
2745 2502 3042 2581 distingui
3091 2502 3156 2562 in
3198 2502 3580 2563 formalibus
3625 2504 3728 2562 ob-

2148 2596 2372 2675 jectis3
2415 2615 2543 2657 non
2594 2602 2802 2675 potest
2855 2600 3066 2656 autem
3114 2596 3222 2675 jus
3269 2597 3726 2656 commutativae
3814 2664 3815 2667 Ἴ

2147 2688 2404 2768 justitiae
2437 2688 2520 2749 ab
2563 2689 2700 2750 aliis
2741 2688 3075 2768 distingui,
3115 2689 3236 2749 nisi
3275 2689 3344 2749 in
3387 2690 3516 2749 hoc
3563 2688 3724 2767 qnod
3814 2724 3815 2785 ᾗ

2155 2783 2362 2862 ipsum
2391 2788 2487 2843 est
2509 2782 2616 2862 jus
2663 2782 2980 2862 peculiare
3013 2788 3074 2843 et
3101 2782 3496 2861 simpliciter,
3545 2784 3630 2842 ita
3662 2788 3724 2841 ut
3814 2798 3815 2865 j

2153 2874 2526 2955 aequivaleat
2581 2875 2834 2953 proprio
2891 2882 2953 2937 et
3003 2875 3364 2954 particulari
3421 2874 3722 2953 dominio,
3814 2866 3815 2907 ³

2153 2968 2276 3029 alia
2319 2986 2468 3029 vero
2497 2966 2790 3041 minime;
2821 2986 2962 3047 quae
2991 2968 3210 3029 ultima
3249 2968 3566 3047 particula
3605 2986 3726 3027 non
3814 2984 3815 3039 3

2151 3066 2358 3142 potest
2385 3060 2486 3122 hic
2517 3078 2595 3122 ex
2619 3060 2904 3140 professo
2923 3061 3200 3141 probari,
3219 3061 3430 3123 donec
3451 3060 3724 3122 rationes
3814 3068 3815 3152 ζ

2151 3155 2400 3216 illarum
2428 3157 2728 3218 virtutum
2753 3154 3184 3226 declaremus;
3233 3161 3298 3216 et
3343 3155 3494 3218 ideo
3525 3155 3724 3215 solum
3814 3161 3815 3230 ζ

2153 3267 2230 3312 ex
2261 3267 2337 3310 eo
2365 3248 2695 3322 indicatur,
2729 3247 2900 3328 quia,
2939 3249 2994 3308 si
3019 3247 3154 3310 aliae
3181 3249 3446 3328 justitiae
3477 3249 3722 3328 propria
3814 3273 3815 3280 ¹

2152 3347 2216 3405 et
2239 3343 2520 3422 rigorose
2541 3343 2690 3422 jura
2735 3349 3083 3416 servarent,
3121 3341 3279 3402 nihil
3329 3342 3458 3402 illis
3505 3341 3720 3402 deesse

2147 3441 2364 3514 posset
2415 3434 2498 3496 ad
2565 3435 2911 3514 rigorosam
2973 3434 3428 3514 obligationem
3473 3435 3721 3516 justitia:
3814 3423 3815 3476 ss

2149 3528 2636 3590 commutativae.

2228 3622 2292 3684 4.
2321 3619 2588 3686 Jutitia
2615 3624 3064 3696 commutativa,
3097 3624 3190 3686 ita
3218 3623 3560 3704 explicata,
3591 3623 3718 3684 nul—

2147 3713 2272 3778 lam
2295 3715 2558 3778 includit
2583 3715 3105 3797 imper-flectionem.
3132 3747 3216 3762 —-
3251 3716 3562 3795 Superest
3589 3735 3718 3794 pro-

2145 3805 2353 3868 banda
2393 3807 2598 3868 minor
2631 3807 2998 3887 propositio,
3029 3808 3328 3868 nimirum
3358 3809 3422 3868 in
3467 3809 3590 3871 hoc
3615 3809 3716 3868 ob-
3814 3829 3815 3890 {

2138 3901 2331 3980 jecto,
2359 3917 2472 3961 seu
2499 3901 2740 3978 ratione
2767 3899 3015 3962 formali
3039 3901 3277 3962 nullam
3299 3901 3712 3980 imperfectio-
3814 3909 3815 3920 ¹

2145 4009 2293 4054 nem
2309 3991 2564 4054 includi.
2587 3993 2844 4054 Ostendi
2861 3999 3073 4055 autem
3091 3999 3296 4073 potest
3319 4001 3384 4055 et
3407 3995 3602 4056 debet
3619 3995 3710 4054 iis-
3814 4061 3815 4066 ἵ

2143 4085 2290 4146 dem
2317 4085 2562 4159 mediis,
2588 4090 2648 4146 et
2669 4084 2892 4147 eadem
2909 4086 3334 4165 proportione,
3361 4106 3494 4168 qua
3517 4095 3710 4148 osten-
3814 4111 3815 4164 3

2145 4177 2734 4240 dimusvoluntatem
2745 4178 3060 4240 tribuendi
3070 4180 3414 4257 unicuique
3415 4183 3526 4260 jus
3537 4198 3706 4240 suum
3814 4177 3815 4252 ᾗ

2147 4272 2386 4333 nullam
2415 4269 2736 4334 includere
2769 4271 3330 4352 imperfectionem.
3367 4275 3528 4336 Nam
3551 4273 3706 4352 quod
3814 4267 3815 4334 ἶ

2145 4366 2296 4427 illud
2313 4367 2418 4446 jus
2439 4365 2520 4428 sit
2535 4365 2882 4444 proprium,
2915 4371 2978 4426 et
3001 4366 3390 4445 aequivalens
3411 4367 3702 4429 dominio.
3814 4371 3815 4392 ³

2141 4478 2272 4522 non
2300 4458 2558 4538 requirit
2587 4465 2696 4519 aut
2737 4459 3032 4538 supponit
3070 4460 3350 4539 aliquam
3391 4460 3704 4538 imperfec-

2141 4553 2378 4616 tionem
2403 4550 2470 4612 in
2488 4551 2892 4624 retribuente,
2925 4551 3073 4630 quia
3097 4554 3288 4614 etiam
3313 4561 3576 4632 propter
3597 4555 3702 4614 hoc

2133 4645 2242 4726 jus
2265 4665 2390 4706 non
2411 4661 2662 4724 semper
2689 4661 2947 4706 neeesse
2967 4648 3064 4706 est
3075 4645 3464 4708 tribuentem
3485 4647 3699 4726 privari

2141 4738 2416 4800 dominio
2447 4737 2540 4798 rei
2581 4755 2774 4816 quam
2799 4737 3036 4810 tribuit,
3081 4738 3132 4798 si
3163 4737 3318 4798 illud
3367 4739 3448 4800 sit
3495 4757 3698 4818 supre-
3814 4745 3815 4812 J

2137 4851 2314 4894 mum
2345 4837 2410 4894 et
2435 4829 2808 4895 universale.
2841 4831 3057 4908 Neque
3089 4833 3279 4892 ettam
3303 4851 3588 4894 necesse
3615 4839 3696 4893 est
3814 4871 3815 4882 η

2141 4924 2282 5004 lege
2311 4923 2519 5002 aliqua
2551 4923 2838 5002 obligari,
2865 4923 2978 4984 sed
3001 4924 3270 4986 naturali
3309 4927 3692 4988 rectitudine.
3814 4929 3815 4932 ’

2141 5017 2250 5080 His
2299 5025 2514 5081 autem
2569 5015 3144 5096 imperfectionibus
3183 5017 3444 5080 seclusis
3469 5065 3486 5092 ,
3538 5021 3690 5080 nulla
3814 5057 3815 5062 κ

2141 5117 2432 5190 superest
2479 5127 2620 5188 quaa
2661 5127 2738 5170 ex
2777 5108 2836 5169 vi
2877 5110 3018 5171 talis
3045 5110 3278 5190 objecti
3315 5112 3685 5182 includatur;

2139 5203 2310 5283 quod
2337 5202 2540 5266 statim
2589 5201 2992 5264 discurrendo
3025 5221 3141 5282 per
3188 5204 3472 5284 singulas
3499 5212 3686 5267 osten-

2137 5295 2701 5456 ᾶθὲωόσσιιννὶἰκν
2753 5391 2934 5456 tacite
2992 5392 3332 5472 objectioni.
3391 5425 3474 5440 -
3531 5393 3676 5454 Prius

2135 5501 2286 5546 vero
2311 5483 2668 5562 objectioni,
2701 5501 2839 5564 quoe
2875 5484 3060 5548 tacite
3093 5484 3194 5546 hic
3223 5487 3406 5546 nobis
3445 5486 3528 5558 iit,
3567 5503 3672 5543 res-
