3850 6225
813 442 988 498 sscr.
1023 446 1086 498 n.
1122 445 1336 498 uranu
1369 422 1830 497 ommuni-:nm
1863 444 2283 500 monunculi
2314 447 2623 509 senemr,
2660 448 2793 500 erc.

155 564 288 627 qua
315 548 508 609 homo
535 544 824 626 resurgit,
849 546 930 607 sit
945 547 1170 627 maior,
1193 548 1326 627 jam
1347 552 1496 608 tunc
1519 564 1724 607 resur-

153 658 314 720 gere
351 644 648 720 poterunt
685 640 896 700 omnia
923 640 1296 701 mortificata
1325 640 1547 701 merita
1575 646 1730 701 tota-

153 736 324 807 liter,
355 752 470 795 seu
501 732 582 794 ad
611 732 922 813 oequalem
943 733 1244 793 valorem.
1285 732 1541 794 Addunt
1579 752 1728 794 vero

149 827 440 907 praedicti
470 832 758 888 auctores
797 826 989 905 quod,
1031 827 1177 889 licet
1208 828 1398 889 homo
1435 828 1501 887 in
1527 826 1728 906 prima

153 920 532 982 contritione
561 938 676 981 seu
719 919 1184 994 exercitatione,
1237 938 1276 981 a
1315 927 1574 1000 peccato
1603 939 1732 981 non

151 1019 454 1093 resurgat
491 1014 556 1073 in
605 1012 910 1074 charitate
955 1015 1181 1093 aequali
1227 1013 1625 1093 praecedenti,
1679 1014 1734 1074 si

153 1114 378 1169 tamen
421 1106 486 1167 in
533 1107 820 1167 discursu
867 1107 1010 1167 vitae
1065 1106 1372 1187 paulatim
1423 1107 1506 1167 ad
1559 1107 1732 1167 illam

152 1200 508 1280 perveniat,
535 1201 792 1261 tandem
833 1202 1232 1279 recuperabit
1257 1200 1470 1261 omnia
1493 1218 1732 1279 praece-

151 1295 376 1355 dentia
401 1294 656 1367 merita3
689 1294 741 1355 si
765 1298 976 1355 autem
1005 1296 1180 1374 prius
1203 1296 1509 1357 moriatur
1537 1312 1730 1374 quam

155 1389 428 1467 attingat
458 1388 696 1449 dictum
723 1387 992 1467 gradum
1029 1388 1372 1463 charitatis,
1401 1406 1728 1466 nunquam

153 1481 641 1543 vivificabuntur
679 1482 920 1561 integre
967 1482 1178 1543 omnia
1225 1482 1450 1543 merita
1491 1498 1729 1561 proece-

151 1576 396 1649 dentia,
445 1574 514 1635 id
573 1578 692 1649 est,
737 1592 864 1635 non
927 1574 1229 1637 obtinebit
1283 1577 1470 1637 homo
1526 1582 1726 1637 totum

149 1668 486 1749 praemium
515 1667 844 1729 essentiale
888 1686 1147 1741 eorum3
1199 1669 1319 1730 hoc
1367 1668 1533 1730 enim
1566 1670 1728 1731 acci-

149 1761 310 1823 dere
341 1760 678 1840 aliquando
705 1776 890 1840 posse
937 1768 1154 1840 aperte
1201 1762 1498 1841 supponit
1545 1762 1724 1823 divus

145 1855 432 1915 Thomas
459 1872 670 1933 supra.

235 1948 338 2006 14.
383 1946 764 2027 Explicatur
799 1949 1000 2031 prim
1044 1948 1195 2029 quid
1234 1946 1322 2012 sit
1358 1950 1582 2012 merita
1627 1966 1726 2011 re-

143 2038 336 2102 stitui
371 2042 696 2103 secundm
731 2060 1070 2105 messmam
1105 2043 1451 2105 charitatis.
1487 2072 1572 2089 --
1597 2044 1725 2105 Im-

135 2138 468 2215 puynatnr
492 2134 590 2197 laio
607 2136 818 2197 modus
846 2137 1102 2199 dicendi.
1135 2166 1216 2181 —
1242 2134 1338 2195 Ad
1365 2135 1718 2215 intelligen-

141 2226 308 2286 dum
335 2230 546 2288 autem
585 2226 1068 2289 fundamentum
1111 2236 1174 2289 et
1215 2228 1718 2307 probabilitatem

139 2319 344 2399 hujus
386 2321 732 2395 sententiae,
783 2327 1030 2400 oportet
1079 2322 1390 2402 explicare
1440 2322 1593 2401 quid
1645 2322 1724 2383 sit

144 2414 478 2492 superiora
521 2414 748 2475 merita
773 2413 1068 2475 vivificari
1093 2416 1441 2477 secundum
1465 2433 1720 2476 mensu·

141 2524 290 2568 ram
317 2506 654 2579 charitatis,
699 2508 764 2568 in
793 2526 916 2587 qua
939 2510 1130 2571 homo
1160 2528 1198 2570 a
1225 2514 1482 2589 peccato
1508 2528 1721 2571 resur-

143 2601 260 2681 git.
295 2600 552 2661 Duobus
582 2600 747 2661 enim
775 2601 874 2662 vel
905 2604 1104 2663 tribus
1139 2604 1344 2664 modis
1365 2604 1486 2663 hoc
1513 2608 1718 2682 potest

143 2693 435 2771 intelligi.
467 2695 644 2757 Unus
683 2699 777 2755 est
805 2694 974 2773 quod
1013 2696 1220 2773 priora
1251 2695 1476 2756 merita
1503 2696 1714 2757 valere

141 2788 454 2866 incipiant
486 2788 568 2848 ad
607 2792 846 2849 tantam
891 2790 1283 2864 charitatem,
1313 2808 1426 2851 seu
1455 2790 1718 2869 gloriam

139 2888 408 2961 propter
431 2882 602 2941 illam
627 2882 1060 2957 obtinendam,
1107 2890 1344 2962 quanta
1389 2890 1484 2945 est
1520 2884 1716 2945 chari-

139 2982 246 3037 tas
275 2974 374 3036 vel
408 2976 605 3056 gloria
647 2976 729 3037 ad
771 2995 962 3056 quam
1007 2979 1196 3039 homo
1227 2996 1303 3039 ex
1333 2984 1588 3058 peccato
1617 2995 1719 3039 re-

143 3070 384 3150 surgit3
429 3086 558 3133 non
595 3071 764 3152 quod
793 3089 920 3132 una
951 3077 1013 3133 et
1041 3072 1260 3134 eadem
1307 3072 1574 3134 charitas
1616 3072 1716 3133 vel

143 3163 346 3243 gloria
373 3169 641 3244 utroque
671 3164 848 3226 titulo
899 3165 1123 3240 detur3
1155 3167 1244 3226 sic
1289 3166 1457 3226 enim
1483 3165 1718 3227 incide-

139 3273 362 3316 remus
391 3255 454 3316 in
485 3259 862 3319 sententiam
893 3259 1270 3337 praecedenti
1299 3258 1574 3320 sectione
1605 3257 1716 3317 im·

139 3355 533 3428 pugnatam;
571 3351 682 3412 sed
711 3351 882 3430 quod
907 3357 1082 3412 tanta
1121 3351 1411 3424 chat-itae,
1452 3351 1552 3411 vel
1582 3350 1746 3430 glo-⁸

139 3442 238 3504 ria
284 3443 573 3505 distincta
621 3443 840 3505 deberi
888 3444 1145 3524 incipiat
1195 3445 1437 3505 ratione
1481 3461 1718 3523 praece-

145 3536 432 3598 dentium
480 3539 870 3614 meritorum,
916 3545 1150 3618 quanta
1183 3539 1524 3618 respondet
1567 3557 1716 3600 con-

141 3629 381 3690 tritioni
431 3649 548 3710 per
590 3647 780 3708 quam
825 3634 1012 3692 homo
1056 3651 1090 3692 a
1121 3639 1379 3711 peccato
1420 3633 1710 3712 resurgit.

138 3725 386 3784 Tamen
431 3723 536 3784 hic
577 3723 806 3786 modus
855 3725 1202 3805 explicandi
1251 3727 1414 3786 hanc
1463 3732 1716 3786 senten—

137 3818 300 3878 tiam
341 3817 624 3896 ejusdem
667 3818 924 3881 rationis
963 3825 1078 3892 est,
1123 3818 1476 3897 eademque
1521 3819 1714 3880 habet

137 3909 547 3971 incommoda
584 3927 726 3972 cum
773 3912 974 3991 primo
1012 3911 1200 3973 modo
1247 3910 1495 3972 dicendi
1525 3929 1715 3989 supe-

139 4006 280 4066 rius
317 4005 684 4083 impugnato
711 4006 776 4066 in
812 4007 932 4066 hac
963 4006 1186 4067 eadem
1226 4005 1522 4067 sectione.
1556 4007 1712 4065 Nam

137 4097 410 4177 perinde
441 4104 534 4158 est
559 4097 768 4160 dicere
814 4100 1034 4160 merita
1075 4098 1496 4178 praecedentia
1533 4115 1712 4177 repa-

136 4192 274 4251 rari
319 4191 402 4252 ad
439 4197 532 4252 tot
575 4190 808 4271 gradus
854 4191 1066 4269 gloriae
1107 4197 1262 4271 quot
1304 4197 1450 4253 sunt
1477 4191 1712 4271 gradus

139 4283 557 4354 contritionis,
600 4285 699 4346 vel
745 4289 896 4364 quot
937 4291 1084 4346 sunt
1119 4284 1352 4364 gradus
1392 4285 1712 4345 charitatis

137 4379 212 4439 in
261 4395 386 4456 qua
433 4379 622 4439 homo
663 4377 934 4456 resurgit
985 4397 1022 4438 a
1077 4384 1371 4457 peccat03
1423 4378 1568 4456 quia
1613 4379 1714 4438 vel

141 4471 422 4533 charitas
448 4477 510 4532 et
533 4472 817 4533 contritio
859 4473 925 4532 in
953 4471 1154 4551 gradu
1197 4470 1420 4549 aequali
1465 4488 1716 4549 semper

141 4563 579 4636 conferuntur,
612 4565 712 4625 vel
751 4565 972 4626 saltem
1009 4565 1073 4626 in
1114 4563 1316 4644 gradu
1364 4569 1716 4643 proportio-

139 4658 277 4719 nali
304 4677 320 4729 ;
347 4657 618 4735 ideoque
659 4657 920 4737 perinde
956 4663 1052 4718 est
1077 4655 1249 4735 loqui
1278 4655 1356 4717 de
1388 4656 1710 4728 charitate,

141 4769 290 4832 quae
341 4751 582 4812 ratione
631 4751 1019 4812 contritionis
1067 4750 1450 4823 infunditur,
1507 4767 1580 4810 ac
1635 4750 1716 4812 de

139 4847 270 4908 ista
319 4845 709 4906 contritione.
751 4846 944 4924 Igitur
981 4846 1114 4906 hoec
1157 4843 1467 4905 sententia
1496 4843 1562 4903 in
1593 4844 1714 4904 hoc

143 4957 344 5001 sensu
395 4955 602 5018 neque
668 4957 902 5000 novum
953 4938 1146 4999 habet
1192 4936 1670 4998 fundamentum
1694 4984 1710 5009 ,

141 5051 356 5112 neque
385 5051 548 5094 nova
576 5033 816 5112 indiget
839 5031 1348 5113 impugnatione3
1387 5031 1498 5092 sed
1529 5049 1715 5110 supe-

143 5128 280 5190 rius
307 5127 484 5188 factm
507 5127 608 5188 hic
637 5127 934 5205 applicari
963 5131 1246 5206 possunt.

233 5224 332 5284 15.
367 5221 685 5286 Secundus
711 5239 924 5284 sensus
944 5221 1256 5302 proediotoe
1283 5218 1615 5281 sententioe.
1633 5249 1716 5264 —

147 5317 300 5376 Esse
332 5314 522 5393 igitur
545 5319 754 5394 potest
781 5313 938 5374 alter
985 5330 1206 5374 sensus
1253 5313 1433 5372 dictas
1463 5315 1716 5371 seuten-

147 5411 273 5482 tiae,
329 5427 522 5489 quem
573 5412 643 5469 ut
700 5406 1112 5480 declaremuS,
1173 5421 1492 5486 suppono,
1539 5403 1718 5482 juxta

149 5503 544 5583 probabilem
585 5501 984 5574 senteutiam,
1012 5500 1233 5562 eadem
1261 5515 1476 5578 opera,
1507 5497 1572 5557 in
1601 5515 1720 5558 οω-

153 5595 302 5664 teris
331 5595 622 5658 omnibus
644 5593 932 5683 aequalia‚
974 5594 1137 5656 facta
1165 5593 1232 5655 in
1267 5589 1490 5676 majori
1533 5595 1598 5654 et
1640 5605 1718 5652 ex

3268 443 3386 507 487

1809 548 2033 626 majori
2058 549 2255 628 gratia
2284 555 2347 610 et
2364 550 2665 611 charitate
2692 568 2833 611 esse
2850 551 3053 631 magis
3066 551 3385 614 meritoria

1811 658 2003 720 quam
2030 641 2193 703 facta
2240 660 2317 703 ex
2346 643 2607 715 minori;
2656 645 2829 722 quod
2876 652 2971 706 est
3011 644 3211 724 magis
3248 664 3386 707 cer-

1810 740 1947 797 tum
1973 735 2051 797 de
2085 736 2311 797 actuali
2340 736 2663 810 charitate,
2698 743 2761 798 et
2799 738 3123 817 probabile
3154 739 3233 800 de
3264 740 3386 800 ha-

1815 828 2055 891 bituali.
2091 830 2157 891 Si
2195 849 2347 909 ergo
2382 833 2607 893 merita
2638 833 3056 912 proecedentia
3094 836 3249 896 tanti
3276 854 3386 895 va-

1812 922 1963 983 loris
1986 922 2240 985 fuerunt
2265 943 2343 985 ex
2372 928 2545 986 tanta
2574 926 2876 988 charitate
2919 928 3145 988 actuali
3172 935 3232 989 et
3272 930 3386 989 ha-

1812 1016 2054 1089 bituali,
2085 1023 2148 1079 et
2182 1022 2405 1095 postea
2430 1018 2619 1079 homo
2654 1038 2782 1079 non
2818 1019 3093 1099 resurgit
3116 1019 3183 1081 in
3210 1027 3384 1081 tanta

1813 1104 2140 1184 charitate,
2171 1110 2507 1175 verisimile
2539 1118 2633 1173 est
2660 1112 2807 1173 talia
2852 1116 3077 1174 merita
3120 1132 3244 1175 non
3286 1132 3383 1174 re-

1813 1220 2119 1281 cuperare
2170 1208 2373 1265 totum
2418 1206 2877 1283 praecedentem
2928 1206 3224 1279 valorem,
3270 1207 3384 1268 sed

1810 1295 2015 1356 solum
2044 1294 2223 1356 illum
2245 1314 2435 1375 quem
2464 1298 2832 1359 habuissent
2856 1299 2905 1361 si
2932 1299 3384 1378 processissent

1810 1406 1888 1449 ex
1915 1390 2220 1451 charitate
2256 1388 2519 1451 remissa
2545 1390 2611 1450 in
2640 1409 2765 1470 qua
2802 1392 2991 1453 homo
3021 1410 3097 1453 ex
3124 1400 3381 1471 peccato

1809 1482 2115 1562 resurgit3
2156 1482 2323 1562 quia,
2362 1484 2413 1543 si
2442 1488 2591 1545 tunc
2622 1485 2686 1545 in
2717 1502 2793 1545 eo
2832 1490 2996 1545 statu
3024 1492 3088 1546 et
3114 1484 3380 1563 disposi-

1807 1577 1979 1640 tione
2010 1576 2393 1637 exercuisset
2420 1576 2525 1639 illa
2564 1579 2809 1651 merita,
2853 1596 2981 1639 non
3011 1578 3379 1639 habuissent

1805 1671 2113 1750 maJ‘orem
2142 1669 2465 1741 valorem3
2512 1689 2663 1751 ergo
2709 1688 2827 1733 nec
2862 1671 3100 1731 restitui
3144 1670 3377 1732 debent

1805 1764 1870 1825 in
1903 1764 2125 1842 majori
2152 1762 2375 1841 gradu.
2407 1765 2612 1842 Atque
2641 1765 2761 1825 hoc
2789 1782 2977 1825 sensu
3008 1764 3241 1841 optime
3282 1762 3378 1823 di-

1806 1863 2028 1919 centur
2058 1856 2281 1917 merita
2325 1857 2695 1919 reviviscere
2740 1856 3086 1919 secundum
3126 1874 3377 1917 mensu-

1803 1968 1943 2013 ram
1984 1950 2322 2023 charitatiS,
2368 1950 2431 2010 in
2464 1968 2589 2029 qua
2632 1950 2820 2011 homo
2870 1949 3172 2028 resurgit3
3206 1948 3374 2009 ideo·

1805 2062 1931 2124 que
1960 2062 2089 2104 non
2126 2060 2381 2121 semper
2414 2044 2695 2121 reparari
2730 2041 3023 2118 totaliter,
3073 2042 3185 2103 sed
3224 2046 3373 2103 tunc

1805 2139 2011 2199 solum
2039 2135 2294 2216 quando
2322 2136 2425 2196 vel
2454 2137 2747 2207 charitas,
2794 2136 2861 2195 in
2892 2153 3015 2214 qua
3057 2136 3246 2196 homo
3274 2153 3375 2195 re-

1803 2232 2024 2311 surgit,
2048 2234 2145 2291 est
2172 2228 2432 2309 aequalis
2453 2230 2737 2292 charitati
2764 2229 3045 2303 amissae3
3076 2229 3176 2289 vel
3204 2234 3372 2289 certe

1800 2343 1918 2404 per
1940 2322 2521 2403 multiplicationem
2562 2329 2819 2385 actuum
2846 2329 2909 2383 et
2951 2321 3371 2383 intensionem

1803 2434 2023 2478 eorum
2072 2416 2151 2477 ad
2200 2416 2560 2495 hujusmodi
2612 2415 3031 2493 aequalitatem
3062 2414 3363 2493 pervenit.

1801 2511 1981 2584 Quod
2006 2510 2147 2570 siin
2194 2509 2477 2571 discursu
2520 2509 2709 2589 hujus
2754 2509 2893 2569 vitae
2923 2524 3243 2587 uunquam
3286 2508 3369 2568 ad

1799 2622 1941 2665 eam
1975 2602 2399 2682 aequalitatem
2446 2602 2790 2682 perveniat,
2837 2620 3159 2681 nunquam
3186 2602 3369 2663 resti-

1797 2704 2055 2759 tuentur
2086 2696 2301 2757 omnia
2338 2696 2445 2757 illa
2482 2697 2705 2758 merita
2746 2696 2955 2775 quoad
2983 2700 3181 2755 totum
3208 2712 3368 2773 proe-

1797 2791 1996 2851 mium
2024 2790 2388 2863 essentiale;
2416 2791 2563 2851 etin
2586 2808 2663 2851 eo
2686 2808 2839 2851 casu
2864 2789 3225 2867 contingere
3252 2806 3366 2867 po·-

1795 2885 1943 2945 terit
1974 2890 2043 2945 ut
2070 2884 2316 2963 aliquis,
2346 2902 2685 2963 resurgens
2716 2902 2755 2943 a
2785 2888 3041 2963 peccato
3081 2883 3145 2943 in
3194 2882 3365 2960 quod

1797 2978 2109 3039 ceciderat
2152 2982 2295 3056 post
2338 2976 2519 3056 plura
2566 2977 2812 3049 merita,
2862 2977 2913 3037 si
2954 2976 3024 3037 in
3072 2994 3148 3037 eo
3198 2980 3363 3037 statu

1797 3070 2121 3144 moriatur,
2154 3088 2285 3132 non
2312 3075 2735 3148 consequatur
2763 3075 3001 3131 tantam
3038 3067 3362 3132 beatitudi-

1798 3181 1945 3224 nem
1992 3163 2391 3224 essentialem
2428 3168 2727 3242 quantam
2760 3163 3085 3224 habuisset
3110 3167 3365 3241 propter

1797 3255 1902 3316 illa
1930 3256 2175 3332 merita,
2220 3257 2361 3318 siin
2390 3263 2647 3336 peccato
2677 3273 2805 3316 non
2835 3255 3181 3328 cecidisset,
3214 3254 3362 3334 quia

1799 3368 1926 3412 non
1972 3351 2225 3412 fuerunt
2272 3349 2577 3411 vivificata
2623 3351 2687 3410 in
2730 3355 2857 3410 toto
2912 3350 3123 3411 valore
3172 3366 3359 3428 quem

1796 3445 1972 3523 prius
2000 3444 2381 3516 habuerant3
2415 3461 2666 3522 semper
2692 3448 2905 3504 tamen
2932 3442 3189 3504 habebit
3220 3459 3365 3521 pro-

1795 3543 1937 3616 pter
1973 3537 2079 3597 illa
2120 3537 2344 3598 merita
2376 3536 2649 3616 aliquem
2696 3536 2962 3616 gradum
2994 3536 3233 3615 praemii
3270 3553 3363 3596 es·

1797 3630 2075 3692 sentialis
2104 3634 2333 3710 praeter
2376 3630 2553 3690 illum
2596 3646 2787 3708 quem
2824 3630 3086 3691 habebit
3120 3631 3363 3691 ratione

1795 3726 2209 3786 contritionis.
2444 3737 2451 3742 ·

1877 3821 1976 3878 16.
2010 3817 2237 3881 Fertm·
2251 3819 2559 3898 judicium
2586 3819 2771 3898 hujus
2812 3819 3149 3896 sententioe,
3180 3824 3239 3882 et
3268 3837 3365 3882 re-

1779 3912 2029 3991 jicitur.
2052 3943 2133 3958 —
2152 3913 2295 3972 Haec
2324 3912 2656 3985 sententia,
2686 3913 2773 3973 sic
2801 3913 3139 3986 declarata,
3174 3914 3365 3975 habet

1793 4005 2034 4066 minora
2070 4003 2467 4065 incommoda
2506 4021 2699 4082 quam
2740 4023 2963 4067 omnes
3004 4006 3363 4086 praeceden-

1791 4103 1888 4160 tes
1919 4098 2406 4176 Theologorum.
2440 4096 2853 4159 Nihilominus
2880 4105 3091 4160 tamen
3120 4117 3247 4160 non
3275 4100 3365 4159 vi-

1793 4193 1979 4254 detur
2020 4191 2357 4252 sufficienti
2398 4191 2639 4252 ratione
2673 4190 2957 4266 fundata,
2996 4194 3141 4271 quia
3161 4193 3367 4272 maJ'or

1791 4285 1897 4346 vel
1921 4285 2128 4346 minor
2157 4285 2429 4346 charitas
2455 4286 2517 4344 in
2545 4290 2789 4346 tantum
2810 4291 2999 4365 auget
3016 4286 3118 4346 vel
3140 4285 3365 4346 minuit

1793 4379 2075 4440 valorem
2118 4379 2327 4458 operis
2363 4379 2621 4440 moralis
2655 4380 2721 4440 in
2753 4380 2993 4440 ratione
3030 4379 3255 4452 meriti,
3298 4379 3361 4439 in

1796 4479 2101 4552 quantum
2134 4473 2259 4534 tale
2290 4491 2449 4552 opus
2478 4475 2561 4535 ab
2580 4475 2715 4554 ipsa
2746 4474 3047 4536 charitate
3078 4480 3141 4534 et
3164 4474 3363 4554 gratia

1795 4565 2099 4645 procedit,
2166 4571 2467 4644 tanquam
2521 4585 2557 4626 a
2610 4566 2915 4646 principio
2960 4565 3361 4644 dignificante

1800 4677 1961 4738 opus
2012 4659 2243 4737 ipsum,
2290 4658 2390 4718 vel
2448 4677 2784 4738 personam
2840 4669 3228 4739 operantem.
3290 4661 3365 4720 At

1797 4769 1947 4813 vero
1982 4751 2191 4830 priora
2232 4751 2454 4812 merita
2488 4751 2861 4814 mortificata
2890 4769 3019 4812 non
3044 4769 3379 4831 processe--

1797 4849 1945 4906 runt
1984 4863 2021 4904 a
2052 4844 2355 4905 charitate
2396 4863 2473 4906 ex
2512 4863 2639 4924 qua
2666 4846 2857 4906 homo
2896 4846 3167 4925 resurgit
3200 4863 3279 4906 ex
3304 4847 3363 4905 vi

1799 4936 2223 5009 contritionis;
2268 4955 2419 5016 ergo
2460 4957 2588 4998 non
2638 4939 2875 5000 habeut
2918 4939 2999 5000 ab
3048 4939 3154 5000 illa
3198 4939 3365 5000 valo-

1796 5047 1933 5091 rem
1977 5047 2199 5103 suum;
2244 5030 2358 5091 sed
2381 5032 2551 5090 hunc
2588 5032 2949 5092 habuerunt
2974 5032 3057 5093 ab
3080 5033 3185 5092 illa
3216 5033 3365 5092 cha-

1795 5123 1979 5184 ritate
2034 5141 2071 5182 a
2118 5141 2243 5202 qua
2290 5130 2754 5202 processerunt,
2798 5130 2861 5185 et
2900 5125 3191 5185 eumdem
3224 5125 3365 5186 reti-

1796 5222 1953 5275 nent
2000 5216 2065 5276 in
2112 5215 2319 5277 divina
2358 5219 2821 5296 acceptatione;
2883 5217 3166 5278 contritio
3214 5233 3363 5300 vcro

1799 5308 1901 5370 vel
1942 5309 2211 5370 charitas
2240 5310 2324 5370 illi
2366 5312 2865 5390 correspondens
2892 5327 3020 5371 non
3054 5311 3365 5372 concurrit

1799 5407 1870 5461 ut
1898 5419 2089 5463 causa
2108 5419 2223 5480 per
2236 5421 2305 5464 se
2326 5403 2407 5463 ad
2431 5403 2665 5465 dictum
2688 5402 2988 5475 valorem,
3021 5402 3134 5464 sed
3160 5403 3363 5464 solum

1800 5499 1896 5554 est
1922 5511 2113 5555 causa
2142 5511 2257 5574 per
2274 5495 2565 5557 accidens
2590 5512 2923 5556 removens
2949 5495 3365 5574 impedimen-

1797 5593 1955 5662 tum,
1986 5592 2058 5649 ut
2084 5589 2335 5668 propria
2366 5589 2587 5650 merita
2630 5589 2871 5666 possint
2908 5587 3143 5650 habere
3184 5589 3367 5650 effec-
