3850 6225
535 413 911 421 —-————-—-—-—
928 412 1288 421 --——-——

1283 658 2173 793 OPUSCULUM
2264 574 2969 795 TERTIUM.

763 1778 848 1845 DE
883 1778 1212 1845 GONGURSU
1251 1778 1332 1844 ET
1367 1778 1648 1846 EFFIGAGI
1685 1778 1958 1845 AUXILIO
1996 1777 2107 1845 DEI
2142 1780 2225 1844 ΑΙ)
2260 1778 2460 1845 ACTUS
2498 1778 2715 1847 LIBERI
2748 1780 3032 1846 ARBITRII
3070 1780 3499 1847 NEGESSARIO.

1555 1992 2699 2049 *w

655 2243 736 2287 AN
777 2241 1092 2289 constsTA’r
1134 2241 1196 2289 IN
1235 2242 1448 2295 ALIQUA
1491 2243 1754 2289 nouom
1793 2244 1924 2297 011AE
1968 2242 2109 2289 som
2146 2245 2258 2290 SUA
2300 2245 2366 2290 VI
2402 2244 2481 2291 ΒΤ
2522 2243 2767 2291 NATURA
2806 2246 3051 2293 PHYslcR
3092 2246 3613 2292 rmmnmnm

1753 2348 2155 2395 VOLUNTATEN
2196 2349 2519 2395 mumma.

607 2538 662 2594 Ι.
683 2534 836 2595 Cum
853 2536 1248 2615 superiorum
1264 2536 1448 2615 jussu
1470 2535 1548 2597 de
1571 2536 1912 2615 quaestione
1944 2554 2088 2615 pro-

523 2627 724 2706 posita
765 2628 1158 2702 sententiam,
1190 2647 1381 2708 quam
1409 2647 1624 2689 veram
1653 2648 1906 2702 censeo,
1942 2648 2087 2690 con—

522 2720 880 2781 firmaturus
920 2740 992 2782 ac
1033 2721 1460 2783 declaraturus
1498 2741 1739 2795 essem,
1782 2723 1890 2783 diu
1932 2723 2087 2782 mul·

523 2818 782 2893 tumque
813 2816 1076 2895 cogitavi
1107 2836 1189 2876 an
1209 2816 1387 2877 brevi
1417 2817 1790 2895 compendio
1819 2816 1916 2877 vel
1944 2836 2085 2895 pro-

521 2906 658 2967 lixa·
675 2908 1094 2987 disputatione
1125 2910 1186 2969 id
1219 2909 1426 2971 facere
1471 2910 1812 2988 expediret,
1843 2928 2087 2971 memor

522 3000 687 3060 illius
717 3002 1038 3063 sententiae
1061 3004 1392 3082 Augustini
1423 3022 1437 3063 :
1473 3005 1778 3066 Labor-ant
1821 3004 2085 3066 hominen

519 3094 589 3155 in
612 3094 909 3171 discendo,
942 3100 999 3158 et
1027 3096 1229 3159 brevia
1263 3115 1382 3158 non
1409 3098 1612 3160 calent
1639 3096 1996 3180 intelliqere,
2026 3101 2084 3159 et

513 3187 764 3266 prolixa
789 3205 908 3249 non
955 3194 1164 3250 amant
1207 3189 1416 3271 leyen.
1453 3192 1735 3270 Namque
1779 3190 1942 3251 inter
1970 3191 2085 3250 ho-

521 3279 726 3341 mines
754 3281 940 3342 etiam
969 3281 1376 3358 doctissimos,
1410 3282 1664 3362 quidam
1683 3301 1894 3344 rerum
1922 3283 2082 3342 mul·

519 3374 785 3436 titudine
816 3382 880 3436 et
907 3377 1150 3452 integra
1185 3393 1258 3437 ac
1291 3383 1512 3438 exacta
1531 3376 1949 3456 disputatione
1977 3377 2083 3437 de·

521 3468 854 3545 lectantur,
873 3469 976 3530 alii
999 3469 1368 3532 brevitatem
1397 3477 1460 3532 et
1487 3472 1806 3532 concisum
1831 3470 2079 3532 dicendi

522 3561 778 3622 modum
809 3565 1123 3641 exoptant.
1157 3563 1596 3638 Quamobrem,
1654 3569 1720 3624 ut
1765 3564 2077 3636 omnibuS,

519 3652 689 3732 quod
738 3653 801 3714 in
857 3673 960 3716 me
1013 3661 1198 3729 esset,
1236 3657 1698 3728 satisfacerem,
1743 3662 2079 3736 utrumque

519 3746 830 3808 scribendi
881 3766 1102 3828 genae,
1161 3749 1226 3810 in
1281 3750 1398 3810 hac
1441 3768 1510 3810 re
1551 3751 1646 3810 bis
1693 3750 2080 3828 temporibus

519 3841 909 3920 gravissima,
951 3843 1274 3921 amplexus
1303 3861 1464 3904 sum.
1505 3845 1680 3905 Prius
1723 3843 1890 3903 enim
1919 3842 2080 3904 inte-

519 3953 700 4014 grum
729 3953 888 4014 opus
917 3936 1114 3997 tribus
1143 3936 1320 3996 libris
1353 3937 1662 4016 digestum
1706 3936 1966 4009 confeci,
2013 3937 2077 3996 in

517 4046 641 4106 quo
683 4029 916 4103 omnia,
959 4046 1098 4109 quae
1141 4030 1222 4092 ad
1263 4031 1454 4110 hujus
1483 4048 1688 4091 causae
1735 4029 2077 4110 perfectam

512 4121 990 4200 intelligentiam
1067 4129 1130 4184 et
1211 4124 1734 4185 examinationem
1791 4123 2075 4186 conferre

511 4219 801 4293 poterant
847 4215 1020 4275 omni
1069 4215 1390 4296 diligentia
1437 4216 1744 4296 congessi.
1793 4215 2069 4290 Deinde,

511 4307 810 4384 quoniam
853 4308 1170 4370 nonnullis
1201 4315 1330 4370 tam
1369 4309 1678 4390 prolixum
1726 4327 1885 4388 opus
1930 4327 2074 4388 per-

507 4401 722 4481 legere
747 4400 1011 4464 fortasse
1036 4404 1370 4466 molestum
1401 4407 1588 4478 esset,
1621 4403 1756 4465 aliis
1779 4421 1929 4464 vero
1960 4422 2071 4482 per

509 4493 832 4573 graviores
861 4497 1300 4574 occupationes
1324 4497 1578 4558 minime
1609 4496 1671 4557 id
1702 4497 1937 4570 liceret,
1966 4493 2071 4557 dc·

511 4585 702 4660 crevi,
732 4587 850 4647 hac
887 4587 1062 4648 brevi
1105 4606 1371 4661 summa,
1405 4589 1593 4650 totius
1632 4587 2071 4650 controversia».

507 4685 810 4758 punctum
851 4679 1156 4760 attingere
1209 4699 1283 4742 ac
1333 4681 1886 4760 comprehendere.
1921 4680 2069 4752 Quoe

505 4771 568 4832 in
611 4777 881 4851 quatuor
911 4771 1134 4834 breves
1184 4780 1396 4852 partes
1431 4774 1728 4836 dividitur
1765 4792 1778 4834 :
1831 4775 1897 4834 in
1938 4774 2069 4853 pri-

503 4882 630 4934 ma,
667 4883 890 4925 sensus
931 4865 1286 4943 quaestionis
1315 4867 1622 4946 aperitur;
1659 4867 1720 4928 in
1761 4867 2059 4942 secunda,

2169 2554 2240 2597 ea
2272 2553 2411 2615 quae
2458 2534 2729 2596 breviter
2764 2537 3188 2618 attinguntur,
3222 2539 3425 2600 fusius
3476 2546 3727 2601 tractata

2166 2628 2516 2707 perlegere,
2552 2635 2659 2689 aut
2694 2648 2769 2690 ea
2796 2647 2939 2707 quae
2972 2650 3051 2691 ex
3074 2633 3439 2693 auctoribus
3463 2634 3725 2694 referun-

2168 2728 2292 2797 tur,
2336 2740 2413 2783 ex
2464 2722 2731 2801 propriis
2778 2722 3057 2786 fontibus
3096 2726 3382 2797 haurire,
3408 2726 3574 2786 hanc
3600 2726 3725 2786 dili-

2168 2815 2447 2894 gentiam
2474 2814 2751 2888 adhibui,
2782 2824 2852 2877 ut
2880 2836 3131 2896 semper
3158 2818 3223 2879 in
3254 2819 3543 2899 margine
3570 2826 3725 2879 utra-

2166 2925 2288 2985 que
2312 2908 2450 2969 loca
2482 2908 2927 2971 indicarentur.

2231 3004 2291 3061 2.
2320 3001 2683 3075 Qua-stionis
2698 3004 3353 3083 semus.—-Principi0‚
3378 3006 3723 3083 quaestionis

2164 3111 2387 3156 sensus
2412 3100 2473 3155 et
2499 3100 2766 3174 punctus
2795 3095 2915 3156 hoc
2938 3096 3125 3158 modo
3166 3096 3546 3158 declaratur.
3572 3099 3722 3160 Cou-

2165 3189 2452 3249 venimus
2481 3207 2723 3260 omneS,
2758 3189 2921 3250 inter
2956 3209 3117 3270 quos
3146 3191 3284 3251 haec
3308 3194 3719 3253 controversia

2163 3289 2472 3355 versatur,
2498 3283 2785 3344 homines
2816 3283 3097 3362 indigere
3128 3285 3341 3346 divino
3376 3287 3605 3346 auxilio
3630 3305 3720 3344 su-

2162 3376 2547 3455 pernaturali
2590 3381 2651 3436 et
2688 3377 2981 3456 gratuito,
3024 3385 3155 3439 tam
3196 3380 3511 3441 excitante
3540 3399 3717 3459 quam

2164 3469 2523 3548 adjuvante,
2570 3469 2651 3530 ad
2680 3489 2871 3549 opera
2903 3473 3409 3550 supernaturalia
3436 3479 3717 3552 praestan—

2164 3561 2244 3622 da
2274 3567 2319 3622 ⁸.
2366 3563 2603 3622 Rursus
2648 3580 2869 3624 omnes
2912 3563 3212 3626 docemus
3243 3567 3383 3628 haec
3409 3566 3631 3626 auxilia
3658 3567 3713 3624 in

2161 3655 2375 3717 multis
2403 3653 2761 3715 hominibus
2802 3673 2941 3717 esse
2988 3675 3135 3718 vere
3174 3677 3249 3720 ac
3280 3659 3530 3738 proprie
3558 3659 3711 3719 suffi-

2162 3747 2408 3818 cientia,
2434 3747 2681 3808 etiamsi
2702 3747 2765 3807 in
2804 3749 2894 3809 eis
2918 3766 3047 3809 non
3078 3751 3355 3812 habeant
3394 3753 3700 3820 effectum;

2160 3857 2300 3920 quae
2332 3840 2559 3902 idcirco
2592 3840 2711 3900 dici
2755 3842 2957 3902 solent
2998 3841 3344 3906 inefficacia
3377 3845 3584 3924 quoad
3622 3845 3701 3905 et-

2158 3933 2411 4008 fectum‚
2452 3933 2518 3993 id
2560 3939 2675 4006 est,
2718 3952 2847 3994 non
2899 3941 3044 3996 actu
3092 3937 3447 4015 operantia,
3478 3937 3699 3998 etiamsi

2160 4044 2237 4086 ex
2264 4045 2331 4088 se
2366 4027 2487 4088 sint
2514 4026 2791 4104 potentia
2816 4027 2899 4088 ad
2922 4028 3113 4089 talem
3144 4029 3461 4092 effectum.
3491 4031 3556 4090 ln
3578 4031 3696 4089 aliis
3817 4031 3818 4034 ’

2155 4137 2303 4180 vero
2340 4119 2696 4180 hominibus
2741 4123 2886 4181 sunt
2935 4123 3071 4183 haec
3112 4123 3345 4183 auxilia
3396 4124 3689 4191 efficacia;

2154 4211 2301 4272 satis
2326 4211 2493 4272 enim
2522 4229 2635 4290 per
2664 4229 2733 4272 se
2760 4217 3007 4274 constat
3032 4213 3247 4292 plures
3276 4215 3581 4288 homines,
3608 4215 3691 4274 his

2152 4302 2375 4364 divinis
2416 4302 2659 4364 auxiliis
2686 4309 3067 4384 praeparatos
3120 4313 3187 4367 et
3234 4307 3513 4386 adjutos,
3564 4326 3692 4368 con·

2150 4396 2330 4469 verti,
2360 4395 2617 4458 credere
2647 4402 2709 4456 et
2742 4397 3069 4475 poenitere,
3096 4398 3381 4478 aliosque
3412 4419 3691 4479 superna-

2150 4489 2386 4550 turales
2413 4495 2587 4549 actus
2618 4489 2886 4567 operari,
2928 4493 3117 4570 atque
3143 4492 3304 4554 adeo
3342 4493 3567 4554 babere
3594 4511 3691 4552 au-

2148 4580 2317 4656 xilia,
2346 4600 2469 4643 non
2515 4587 2760 4643 tantum
2804 4584 3197 4655 sufficientia,
3226 4586 3341 4648 sed
3370 4587 3551 4648 etiam
3573 4587 3689 4648 effi-

2150 4675 2342 4750 cacia,
2374 4675 2441 4736 id
2468 4681 2584 4747 est,
2616 4681 2761 4736 actu
2804 4676 3135 4739 efficientia
3182 4679 3289 4740 illa
3326 4698 3515 4759 opera
3555 4697 3687 4758 pro-

2148 4774 2287 4848 pter
2323 4787 2464 4848 quoe
2506 4767 2653 4828 talia
2686 4767 2917 4830 auxilia
2958 4771 3389 4834 conferuntur.
3434 4774 3683 4835 Punctus

2147 4879 2297 4940 erg-o
2322 4861 2759 4923 controversias
2803 4867 2918 4933 est,
2964 4864 3116 4940 quid
3156 4865 3349 4927 addat
3382 4865 3499 4926 hoc
3528 4866 3682 4926 auxi-

503 4957 922 5034 quorumdam
983 4959 1445 5040 Theologorum
1522 4979 1684 5022 nova
1755 4961 2063 5022 sententia
2144 4955 2297 5015 lium
2336 4955 2556 5016 efficax
2608 4972 2797 5032 supra
2852 4956 3153 5018 auxilium
3208 4958 3542 5031 sufficiam,
3582 4965 3681 5018 aut

499 5051 906 5130 proponitur;
955 5052 1016 5112 in
1053 5053 1256 5125 tertia,
1299 5071 1522 5114 causas
1563 5059 1626 5114 et
1660 5055 1936 5115 rationes
1981 5054 2063 5114 ob

2144 5065 2257 5109 cur
2292 5047 2357 5108 in
2406 5066 2537 5108 uno
2580 5047 2809 5108 haheat
2858 5049 3171 5112 actualem
3224 5050 3585 5120 efficaciam,
3624 5055 3675 5109 et

497 5163 656 5222 quas
693 5145 798 5206 illa
830 5146 1138 5206 sententia
1175 5146 1499 5224 displiceat
1535 5148 1710 5220 mihi,
1753 5147 2054 5220 referam;
2142 5159 2270 5202 non
2300 5141 2363 5201 in
2392 5141 2537 5202 alio.

495 5236 559 5297 in
598 5243 846 5317 quarta,
900 5255 1106 5298 meam
1156 5239 1530 5300 sententiam
1561 5239 1945 5302 confirmabo
1996 5247 2059 5302 et

491 5329 850 5404 declarabo,
885 5337 946 5392 et
973 5331 1174 5392 obiter
1211 5351 1286 5394 ea
1314 5350 1455 5413 quae
1485 5339 1702 5395 contra
1745 5335 1917 5394 illam
1943 5336 2055 5396 ob-

2220 5332 2237 5366 ¹
2274 5329 2636 5390 Tractamus
2673 5330 2925 5411 copiose
2962 5331 3039 5393 de
3069 5307 3165 5392 his
3198 5331 3460 5406 auxiliis,
3487 5329 3579 5390 lib.
3612 5329 3661 5393 3.

482 5423 594 5500 jici
622 5431 931 5504 possunt,
971 5431 1302 5505 postquam
1347 5427 1768 5501 insinuavere,
1825 5428 2049 5489 dissol-
2130 5439 2245 5500 per
2276 5439 2388 5483 sex
2416 5421 2617 5501 prima
2648 5423 2871 5502 capita-

487 5535 650 5579 vam.
679 5518 832 5590 Ouia
862 5535 1006 5580 vero
1038 5518 1252 5580 lectori
1283 5528 1529 5600 gratum
1561 5521 1698 5594 erit,
1733 5521 2047 5583 interdum
