3850 6225
735 393 868 445 CAP.
905 393 989 446 lx.
1024 393 1330 446 auximum
1363 393 1626 446 Ermum
1659 391 1784 444 NON
1819 389 2195 446 CONSISTERE
2228 393 2290 446 IN
2324 392 2575 455 ALlQUA,
2612 391 2744 446 Ere.

171 519 278 562 non
306 494 734 568 determinare,
767 493 878 555 sed
906 511 1264 574 praeparare
1294 495 1702 569 voluntatem,

171 601 226 654 ut
248 593 368 670 ipsa
385 587 636 650 tandem
663 588 1034 663 consentiat,
1077 593 1139 649 et
1165 588 1612 650 consentiendo
1638 605 1705 648 se

170 682 542 754 determinet,
572 697 714 740 cum
739 680 938 760 gratia
969 681 1266 742 nimirum
1296 681 1706 760 coadjuvante

169 785 219 840 et
251 775 731 853 cooperante..Et
771 773 1066 836 eamdem
1092 774 1443 836 doctrinam
1469 775 1704 834 habent

169 874 268 933 late
295 867 660 942 Batnai-dua,
706 866 1090 945 Fulgentius,
1125 869 1342 930 Petrus
1365 868 1698 939 Diaconus,

170 962 351 1032 etalii,
386 962 496 1038 qui
515 967 652 1040 post
681 960 1101 1039 Augustinum
1130 961 1208 1023 de
1237 963 1436 1040 gratia
1464 967 1526 1022 et
1551 959 1702 1022 lihe-

169 1075 226 1116 ro
275 1053 522 1114 arbitrio
571 1053 974 1133 scripserunt.
1035 1055 1434 1134 Antiquiores
1489 1059 1702 1116 autem

169 1148 306 1209 idem
332 1147 600 1206 sensisse
628 1145 826 1207 multo
855 1147 1058 1227 magis
1107 1147 1524 1210 indubitatum
1562 1153 1696 1223 est,

168 1239 470 1320 praesertim
497 1238 766 1302 GraecoS.

230 1330 474 1410 Insignis
517 1338 611 1392 est
635 1331 812 1394 locus
839 1334 944 1395 ille
973 1333 1141 1414 apud
1183 1335 1554 1415 Gregorium
1581 1336 1700 1396 Na-

92 1479 98 1488 .
167 1428 518 1500 zianzenum‚
552 1432 708 1488 orat.
741 1427 841 1500 31,
869 1429 980 1489 ubi
998 1434 1274 1490 tractans
1301 1427 1457 1488 illud
1485 1428 1692 1489 Pauli:

166 1519 282 1582 Non
315 1523 400 1580 eet
423 1519 708 1594 colentis,
739 1539 920 1603 neque
948 1524 1274 1594 currentis,
1304 1521 1391 1581 ita
1419 1519 1693 1600 exponit,

165 1611 216 1671 id
254 1616 354 1684 est,
401 1629 535 1671 non
569 1613 774 1674 solum
818 1614 1106 1690 volentia,
1151 1632 1358 1693 neque
1394 1613 1699 1675 currentis

167 1705 348 1778 solum,
402 1705 574 1783 quia,
622 1705 768 1768 licet
811 1708 1018 1787 ipsum
1054 1707 1214 1769 velle
1261 1712 1546 1769 nostrum
1595 1707 1695 1779 sit,

165 1817 263 1858 non
301 1803 510 1859 tamen
537 1799 672 1862 sine
703 1803 833 1863 Deo
877 1802 1220 1881 opitulante
1249 1808 1310 1863 et
1335 1801 1696 1881 adjuvante,

167 1897 214 1952 et
229 1891 639 1972 principaliter
663 1901 985 1974 operante.
1017 1895 1214 1967 Quam
1245 1895 1700 1974 expositionem

168 1985 515 2066 Augustinus
541 1988 860 2050 interdum
883 1989 1104 2069 rejicit,
1146 2007 1220 2050 ea
1241 1989 1504 2062 ratione,
1529 1988 1696 2067 quia,

161 2081 294 2158 juxta
325 2079 506 2140 illum
534 2099 815 2155 sensum,
858 2083 1048 2145 etiam
1081 2100 1412 2161 possemus
1439 2083 1646 2144 dicere
1683 2101 1697 2142 ε

168 2175 270 2234 Non
295 2181 388 2236 est
419 2177 529 2237 Dei
555 2178 935 2246 miserentiS‚
972 2177 1087 2238 sed
1112 2178 1382 2238 hominis
1407 2176 1696 2238 volentis.

168 2268 236 2330 Ad
269 2269 381 2331 hoc
419 2276 634 2333 tamen
652 2271 1062 2351 responderet
1080 2271 1526 2343 NazianzenuS,
1575 2289 1701 2331 non

168 2381 272 2422 esse
296 2381 516 2440 parem
541 2366 872 2439 rationem,
905 2364 1051 2444 quia
1081 2364 1228 2426 licet
1246 2365 1436 2426 homo
1464 2362 1702 2442 aliquid

167 2455 410 2518 conferat
435 2475 510 2519 ac
538 2464 857 2538 operetur,
883 2476 1028 2519 cum
1053 2457 1216 2518 bene
1245 2458 1377 2518 vult
1404 2463 1466 2518 et
1487 2457 1698 2530 currit,

165 2550 294 2609 Deus
313 2556 527 2612 tamen
555 2551 784 2630 estqui
809 2551 1184 2632 principales
1207 2556 1414 2630 partes
1435 2550 1697 2624 confert,

165 2649 381 2721 propter
395 2644 565 2722 quod
587 2645 726 2725 ejus
736 2643 1180 2705 misericordiae
1203 2649 1264 2705 et
1282 2644 1442 2706 velle
1463 2650 1526 2706 et
1555 2663 1700 2704 con-

167 2753 384 2798 currere
432 2738 704 2799 hominis
733 2737 1110 2799 attribuitur.
1135 2737 1237 2799 Sic
1281 2737 1413 2800 fere
1444 2756 1703 2816 respon-

168 2829 250 2888 det
271 2829 769 2908 ChrysostomuS,
791 2832 962 2892 hom.
987 2833 1060 2892 12
1076 2830 1156 2891 ad
1173 2830 1359 2892 Hebr.
1373 2875 1388 2904 ‚
1411 2830 1543 2903 ubi,
1563 2849 1706 2890 cum

167 2923 306 2984 illam
337 2925 648 2988 celebrem
680 2926 1042 3006 protulisset
1084 2926 1497 2987 sententiam:
1545 2924 1703 2990 Nos-

165 3023 273 3080 trae
297 3037 408 3081 non
435 3023 734 3085 antecedit
761 3021 1126 3094 voluntates,
1151 3037 1224 3082 ne
1250 3021 1505 3084 liberum
1524 3019 1704 3081 loeda-

165 3117 250 3173 tur
275 3114 614 3189 arbitrium,
649 3116 750 3177 tali
792 3115 1089 3175 nimirum
1119 3114 1533 3176 antecedente
1565 3130 1724 3197 gra--

167 3205 252 3277 tia,
279 3224 410 3283 quae
447 3207 660 3288 ipsum
687 3209 947 3290 physice
976 3208 1503 3289 praedeterminet,
1555 3206 1702 3267 sub-

165 3299 372 3380 jungit:
405 3304 546 3365 Hoc
581 3304 748 3367 modo
798 3320 934 3386 erqo
981 3302 1224 3367 Paulus
1269 3302 1510 3383 inquit:
1557 3300 1703 3365 Non

173 3398 244 3455 eet
265 3395 526 3469 edentis,
547 3415 730 3477 neque
751 3398 1078 3467 currenti-5,
1108 3404 1254 3469 etc„
1279 3397 1428 3457 etin
1455 3412 1700 3455 summa

173 3488 507 3565 respondet:
541 3489 700 3563 Quia
731 3490 908 3569 cujus
935 3490 1335 3570 estamplius,
1365 3493 1554 3553 totum
1577 3505 1704 3549 esee

174 3580 341 3651 dixin
379 3587 654 3645 noetrwm
700 3584 858 3645 enim
898 3582 1112 3665 eliqere
1142 3587 1232 3646 est
1277 3588 1336 3645 et
1375 3582 1545 3654 velle,
1585 3580 1704 3642 Dei

175 3679 338 3736 autem
353 3680 438 3737 eet
464 3678 696 3755 efficere
713 3680 770 3738 et
797 3678 878 3737 ad
892 3677 1315 3756 perfectionem
1335 3675 1658 3757 perducere
1678 3700 1702 3744 ,-

173 3768 292 3844 quia
326 3786 454 3851 erqo
479 3770 612 3849 ejus
645 3771 918 3849 estquod
942 3770 1208 3849 amplius
1235 3776 1345 3843 est,
1385 3769 1518 3847 eius
1547 3766 1707 3829 dia-it

176 3876 278 3922 esee
295 3866 630 3925 universum
645 3888 672 3934 ;
703 3862 868 3941 quod
886 3862 1112 3923 deinde
1129 3861 1474 3940 subjunctis
1501 3876 1707 3920 exem-

177 3952 272 4029 plis
301 3954 603 4015 declarat:
645 3954 816 4019 Nam
860 3974 996 4019 cum
1023 3956 1298 4018 videmur
1331 3956 1568 4017 domum
1613 3953 1706 4016 be-

183 4064 240 4105 ne
258 4053 662 4121 comta-aetam,
697 4052 887 4111 totum
923 4050 1246 4112 architecto
1271 4046 1660 4111 attribuimus
1685 4091 1700 4120 ,

183 4143 408 4215 quamvis
423 4142 688 4223 operarii
711 4142 951 4223 aliquid
969 4141 1331 4207 contulerint
1350 4165 1374 4213 ;
1395 4144 1453 4201 et
1467 4140 1536 4201 in
1553 4138 1705 4200 mul-

183 4234 412 4307 titudine,
469 4236 578 4296 ubi
623 4239 768 4297 sunt
811 4234 1096 4317 plurimi,
1145 4251 1343 4295 omnes
1389 4250 1516 4295 esse
1561 4232 1707 4295 dici-

185 4344 318 4399 mus;
340 4327 434 4389 ubi
451 4333 652 4391 autem
671 4328 880 4409 pauci,
921 4328 1180 4390 nullum.
1217 4326 1329 4391 Sic
1357 4342 1496 4408 erqo
1535 4324 1707 4388 Pau-

186 4418 278 4493 lus,
305 4440 368 4484 ne
391 4422 456 4482 in
493 4422 835 4503 superbiam
883 4422 1214 4502 eriyamur,
1249 4423 1524 4482 nostrum
1560 4418 1708 4481 velle

188 4517 232 4575 et
251 4532 461 4577 currere
485 4514 554 4576 in
583 4516 778 4577 Deum
817 4519 1028 4591 refert,
1062 4518 1348 4594 tanquam
1389 4512 1455 4573 in
1471 4512 1706 4593 princi-

183 4608 343 4684 palem
385 4617 706 4675 auctorem.
758 4608 968 4689 Neque
997 4613 1195 4671 tamen
1243 4610 1404 4671 Deus
1458 4608 1702 4687 (inquit)

191 4704 342 4765 totum
365 4723 534 4767 suum
553 4722 680 4767 esee
705 4700 918 4777 coluit,
947 4720 1022 4765 ne
1045 4702 1320 4765 videatur
1360 4703 1491 4764 eine
1517 4720 1706 4765 causa

191 4814 271 4857 noe
305 4817 594 4863 coronare.
643 4798 843 4869 Quam
877 4798 1303 4877 Chrysostomi
1330 4798 1702 4857 sententiam

192 4891 614 4971 Theophylact.',
639 4892 720 4953 ad
735 4894 914 4953 Rom.
933 4893 996 4965 9,
1017 4890 1463 4965 imitatur3im0
1488 4892 1703 4967 Augu-

193 4984 368 5057 stinus,
389 4986 430 5045 l.
455 4985 682 5058 Quaest.
715 4986 780 5045 in
796 4984 1018 5061 Exod.,
1044 5002 1106 5063 q.
1145 4985 1282 5058 ⁴67,
1303 4989 1579 5044 tractans
1604 4983 1708 5044 illa

191 5078 345 5139 verba
357 5081 541 5141 Exod.
557 5082 658 5141 34:
683 5080 765 5142 Η
755 5098 840 5143 oec
853 5084 996 5142 sunt
1012 5078 1186 5141 verba
1203 5096 1336 5157 quoe
1347 5076 1710 5140 dixitDomi-

190 5188 282 5233 nus
299 5178 495 5251 facere,
521 5180 584 5235 et
610 5174 902 5235 dubitans
924 5192 1004 5233 an
1033 5172 1186 5231 illud
1213 5170 1472 5232 verbum
1489 5176 1708 5245 facere,

194 5264 256 5323 ad
283 5268 455 5327 Deum
472 5268 570 5330 vel
593 5269 882 5329 homines
905 5266 1306 5328 referendum
1334 5266 1432 5339 sit,
1457 5284 1710 5344 respon-

195 5357 488 5427 dettForte
513 5362 639 5427 ideo
665 5365 758 5427 εἰσ
788 5362 1056 5442 positum
1097 5365 1208 5435 eet,
1235 5366 1308 5424 ut
1341 5378 1416 5424 em
1459 5367 1710 5441 utroque

197 5452 524 5533 accipiatum
550 5476 694 5519 nam
726 5461 786 5518 et
809 5456 1073 5518 nominee
1111 5456 1308 5532 facere
1335 5454 1538 5516 debent
1577 5472 1711 5516 cum

197 5543 297 5623 ipsi.
311 5549 636 5625 jubeantur,
664 5554 722 5614 et
737 5552 906 5611 Deus
931 5547 1252 5627 faciteam
1283 5545 1569 5627 facien-tes
1603 5548 1712 5609 ad-

3231 389 3341 449 191

1773 495 1987 574 juvat,
2000 495 2322 558 secundum
2338 494 2500 557 illud
2508 493 2784 576 Apostoli
2795 519 2817 552 .·
2836 492 2917 554 In
2937 493 3148 555 timore
3158 499 3216 557 et
3232 500 3353 557 tre-

1791 606 1954 651 more
1972 595 2229 652 vestram
2250 587 2520 670 ipsorum
2540 589 2798 651 salutem
2821 586 3171 668 operamini,
3190 588 3355 651 Deus

1789 687 1881 746 est
1916 683 2075 745 enim
2110 683 2215 764 qui
2256 691 2543 764 operatur
2561 682 2629 744 in
2651 681 2818 743 nobis
2839 687 2893 742 et
2923 681 3070 742 velle
3097 687 3155 744 et
3168 685 3353 762 perfi-

1790 795 1915 839 cere
1936 803 1961 849 ;
1993 783 2054 837 et
2080 777 2159 838 de
2187 777 2346 854 Spir.
2378 782 2439 837 et
2455 776 2599 849 litt„
2629 793 2683 836 c.
2709 776 2781 835 2:
2810 772 3083 856 Coqitare
3104 775 3351 855 (inquit)

1782 869 1968 943 debes,
2000 869 2273 952 quamvis
2303 871 2385 932 ad
2411 870 2701 932 hominem
2728 867 2794 928 id
2830 885 3003 948 aqere
3020 870 3349 950 pert-ineat,

1783 963 1887 1026 hoc
1911 981 2135 1044 quoque
2160 980 2381 1026 munus
2404 968 2460 1025 et
2480 981 2626 1044 opus
2646 981 2771 1026 esse
2785 962 3079 1034 divinum,
3108 967 3227 1022 etc.
3248 978 3266 1038 3
3291 967 3354 1024 et

1783 1071 1920 1134 cap.
1942 1054 2265 1134 trigesimo
2296 1061 2517 1133 quarto
2550 1057 2643 1132 (ut
2664 1054 2797 1134 jam
2820 1052 3050 1132 retuli),
3076 1054 3352 1134 apertius

1783 1146 1930 1208 dicit
1954 1147 2157 1208 Deum
2184 1148 2429 1226 operari
2455 1147 2612 1208 velle
2644 1148 2708 1208 in
2735 1146 2915 1208 nobis
2944 1165 3058 1226 per
3086 1147 3353 1226 gratiam

1781 1241 2182 1314 excitantem,
2212 1241 2347 1313 sed,
2390 1241 2445 1300 ei
2482 1241 2833 1301 consentire
2867 1239 2965 1300 vel
2996 1239 3348 1313 dissentire,

1781 1335 2047 1414 propriae
2076 1334 2409 1396 voluntatis
2451 1353 2625 1396 esse:
2666 1334 2811 1409 Quoe
2833 1351 2931 1396 res
2963 1333 3206 1412 (inquit)
3236 1353 3355 1396 non

1781 1429 1979 1492 solum
2005 1448 2123 1492 non
2147 1429 2421 1510 infirmat
2444 1432 2607 1511 quod
2632 1429 2857 1492 dictum
2891 1433 2982 1492 eet
3004 1455 3025 1488 .·
3060 1427 3223 1502 Quid
3246 1431 3353 1492 lta-

1781 1525 1876 1586 bes
1899 1524 2059 1604 quod
2076 1541 2195 1584 non
2222 1525 2531 1605 accepisti,
2554 1542 2761 1586 verum
2782 1521 2962 1586 etiam
2983 1524 3350 1598 confirmat,-

1781 1617 2048 1696 accipere
2076 1615 2289 1697 quippe
2314 1619 2373 1678 et
2397 1617 2604 1680 hahere
2642 1617 2847 1679 anima
2872 1634 2993 1677 non
3011 1620 3215 1696 potest
3252 1619 3355 1679 do-

1779 1727 1862 1772 na
1901 1711 1971 1773 de
1996 1710 2209 1792 quibus
2240 1711 2346 1773 hoc
2389 1711 2584 1786 audit,
2622 1710 2748 1773 nisi
2786 1710 3195 1774 consentiendo
3212 1735 3239 1784 ,·
3281 1729 3353 1774 ac

1773 1821 1888 1886 per
1915 1804 2022 1868 hoc
2042 1805 2193 1885 quid
2211 1803 2421 1868 habeat
2439 1811 2498 1868 et
2512 1805 2664 1886 quid
2678 1803 2941 1888 accipiat
2958 1805 3074 1866 Dei
3102 1809 3193 1867 eet
3204 1829 3229 1877 ;
3258 1822 3355 1868 ac·

1783 1897 1980 1980 cipere
2010 1904 2207 1961 autem
2234 1906 2293 1963 et
2312 1899 2544 1973 habere,
2572 1899 2778 1979 utique
2790 1897 3143 1978 accipientis
3164 1903 3221 1960 et
3240 1899 3318 1960 lia
3332 1931 3353 1942 -

1784 1992 1977 2054 lentie
2012 1997 2123 2054 est.
2174 1993 2469 2072 (Legatur
2504 1991 2915 2071 Augustinus,
2952 1995 2979 2051 1
3036 1989 3117 2051 de
3146 1991 3357 2054 Gratia

1784 2083 2033 2157 Christi,
2064 2086 2125 2158 ὅ,
2159 2085 2236 2146 10
2252 2089 2315 2145 et
2340 2087 2471 2163 23.)

1863 2178 2101 2256 Itaque,
2140 2177 2285 2238 licet
2325 2177 2490 2238 inter
2536 2178 2655 2238 hos
2703 2177 2916 2239 Patres
2944 2175 3243 2239 nonnulla
3276 2177 3355 2240 sit

1783 2271 2111 2332 diversitas
2160 2271 2227 2332 in
2270 2270 2655 2349 exponendis
2705 2270 2823 2332 illis
2863 2271 3071 2332 verbis
3127 2270 3297 2332 Pauli
3334 2289 3347 2330 :

1781 2363 1929 2429 Non
1968 2370 2060 2428 eet
2102 2362 2383 2436 volentis,
2430 2368 2576 2437 etc„
2621 2381 2762 2442 quae
2806 2382 2934 2424 non
2976 2363 3190 2444 magni
3219 2383 3356 2425 mo-

1781 2459 1977 2519 menti
2010 2465 2105 2520 est
2129 2503 2145 2532 ,
2187 2461 2402 2518 tamen
2444 2456 2509 2518 in
2534 2476 2601 2518 re
2632 2457 2711 2518 de
2742 2475 2865 2535 qua
2899 2463 3236 2520 tractamus
3262 2463 3355 2519 est
3392 2517 3399 2525 ,

1781 2569 2013 2632 magna
2038 2552 2389 2626 consanam,
2424 2551 2595 2632 quod
2623 2551 2917 2612 nimirum
2943 2553 3111 2613 Deus
3146 2553 3229 2612 ita
3250 2571 3356 2612 vo-

1781 2643 2055 2706 luntates
2084 2649 2331 2705 nostras
2376 2646 2601 2706 excitat
2629 2649 2738 2704 aut
2786 2644 3063 2723 adjuvat,
3112 2629 3356 2706 utlibe-

1788 2755 1924 2798 ram
1960 2737 2546 2800 determinationem
2577 2738 2667 2799 eis
2694 2739 3028 2816 relinquat,
3069 2739 3354 2818 quamvis

1787 2849 1914 2892 non
1966 2832 2101 2892 sine
2126 2833 2285 2912 ‘ejus
2330 2851 2635 2894 concursu
2695 2841 2755 2894 ot
2806 2832 3135 2912 adjutorio.
3179 2831 3358 2903 Quod

1788 2925 1977 2986 etiam
2008 2927 2259 3008 egregie
2302 2925 2640 2988 declaravit
2678 2924 2941 3006 Cyrillus
2993 2925 3353 2987 Alexandri-

1786 3039 1929 3093 nus,
1962 3020 2067 3080 lib.
2102 3022 2141 3082 4
2168 3021 2233 3081 in
2261 3021 2599 3094 Ioannem,
2634 3039 2772 3100 cap.
2807 3023 2867 3094 7,
2900 3021 3065 3082 circa
3094 3020 3198 3080 illa
3217 3039 3355 3082 ver·

1783 3115 1865 3175 ba
1893 3133 1906 3175 :
1942 3111 2150 3178 Omnis
2180 3116 2284 3197 qui
2317 3118 2555 3180 audivit
2580 3134 2619 3179 a
2647 3116 2859 3187 Patre,
2900 3122 3015 3177 etc.
3050 3134 3063 3176 :
3106 3116 3222 3181 Ubi
3247 3134 3357 3179 au-

1785 3210 1951 3271 ditus
1986 3208 2231 3288 (inquit)
2267 3208 2593 3290 disciplina
2620 3210 3007 3290 doctrinaque
3047 3211 3237 3281 adest,
3272 3209 3357 3271 ibi

1781 3302 1934 3375 fides
1962 3318 2080 3363 non
2110 3299 2193 3375 vi,
2226 3302 2333 3364 sed
2340 3302 2732 3383 persuasione
2754 3299 2991 3374 mitum
3014 3302 3355 3383 patrocinio

1780 3390 1979 3475 iyitur
2027 3394 2141 3456 Dei
2186 3394 2429 3467 Patris,
2482 3395 2641 3475 quod
2677 3412 2752 3457 ece
2811 3394 3109 3459 charitate
3152 3395 3356 3477 diynis

1775 3492 2140 3569 proestatur,
2171 3506 2291 3549 non
2331 3488 2392 3550 ri
2425 3486 2733 3552 Christum
2760 3487 2968 3565 fideles
2997 3494 3352 3571 agnoscunt,

1786 3581 1891 3642 ubi
1921 3586 2121 3643 totum
2150 3583 2473 3662 negotium
2504 3582 2715 3663 gratiae
2746 3582 3071 3643 excitantis
3101 3600 3355 3662 persua-

1787 3676 2033 3737 sionem
2072 3674 2441 3755 appellavit;
2484 3694 2597 3755 per
2630 3676 2753 3737 vim
2806 3680 3037 3750 autem,
3104 3693 3356 3737 omnem

1787 3769 2203 3831 extrinsecam
2228 3769 2569 3829 motionem
2611 3767 2916 3846 intelligit,
2946 3786 3083 3846 quae
3111 3768 3359 3829 liberta-

1787 3862 1865 3923 tis
1901 3880 2087 3922 usum
2132 3860 2437 3941 impedire
2466 3861 2694 3940 possit,
2727 3860 2867 3921 ideo
2900 3860 3067 3921 enim
3098 3862 3356 3941 subjun-

1789 3955 1915 4035 git:
1963 3954 2110 4019 Non
2147 3954 2309 4018 enim
2354 3970 2672 4037 possumus
2713 3954 3037 4017 secundum
3060 3954 3358 4018 Ecclesia·

1784 4047 2177 4129 veritatisque
2218 4049 2499 4129 doymata
2544 4046 2791 4110 liberam
2848 4050 3199 4129 potestatem
3254 4049 3357 4109 ko-

1784 4144 1973 4204 minie
2000 4142 2126 4205 ullo
2152 4144 2320 4205 modo
2348 4159 2583 4223 neqare.
2620 4140 2813 4203 Simili
2846 4140 3033 4201 modo
3060 4142 3358 4221 Chrysos·

1786 4241 2017 4312 tomuS,
2063 4236 2232 4297 hom.
2269 4236 2349 4295 26
2398 4233 2463 4294 in
2510 4234 2843 4307 Ioannem,
2896 4233 2975 4294 ad
3020 4232 3238 4309 finem,
3272 4236 3359 4296 ait

1789 4346 1913 4389 non
1948 4346 2171 4407 cogere
2193 4346 2307 4388 nos
2322 4330 2522 4389 Deum
2550 4328 2873 4388 vocatione
2898 4345 3032 4401 sua,
3054 4328 3200 4407 quia
3229 4346 3357 4389 non

1788 4428 1883 4483 est
1902 4422 2199 4497 violenta,
2220 4422 2330 4484 sed
2354 4422 2657 4495 suasoria,
2702 4422 2967 4483 salutem
2994 4421 3358 4500 relinquens

1787 4516 1851 4575 in
1870 4521 2084 4576 nostro
2116 4515 2391 4577 arbitr-ic.
2426 4516 2661 4576 Eodem
2692 4520 2873 4595 pacto
2900 4516 3186 4577 Clemens
3216 4515 3358 4577 Ale-

1785 4609 2128 4670 xandrinus
2157 4608 2314 4670 lihro
2342 4608 2617 4670 secundo
2640 4610 2894 4683 Strom.,
2914 4628 2977 4688 p.
3005 4609 3105 4681 54,
3133 4609 3279 4671 dicit
3293 4610 3357 4669 in

1785 4702 2039 4763 homine
2088 4722 2224 4764 esse
2266 4702 2701 4781 obtemperare
2730 4702 2829 4763 vel
2868 4721 2994 4762 non
3035 4700 3359 4787 obtempe-

1783 4814 1925 4858 rare
1954 4796 2282 4857 vocationi.
2330 4796 2402 4857 Et
2442 4796 2732 4868 Evodius‚
2782 4795 3024 4875 epistol.
3083 4796 3164 4857 ad
3204 4796 3361 4857 Con-

1785 4890 2104 4962 stantium,
2140 4889 2637 4969 apudTurrian.‚
2658 4888 2765 4949 lib.
2800 4892 2839 4949 4
2874 4895 3087 4950 contra
3102 4888 3359 4969 Magda-

1790 4983 2160 5063 burgenses‚
2202 5003 2340 5063 cap.
2381 4984 2460 5042 ᾖε
2511 4982 2745 5047 Gratioe
2790 4982 3036 5061 (inquit)
3078 4987 3168 5046 eet
3206 4984 3366 5063 quod

1788 5096 2097 5153 vocamur,
2125 5078 2389 5159 quodque
2418 5076 2671 5139 occultis
2717 5075 3054 5149 itiner-ibae,
3103 5076 3229 5137 nisi
3267 5092 3359 5137 re-

1788 5172 2101 5246 sistamue,
2128 5188 2312 5252 sapor
2338 5170 2504 5232 nobis
2535 5169 2747 5234 vitalis
2775 5170 3142 5246 infunditur.
3178 5168 3359 5229 Simi-

1790 5265 1874 5325 lia
1919 5272 2254 5325 sumuntur
2288 5282 2364 5324 ex
2395 5263 2861 5343 Theophylacto
2892 5262 2954 5322 in
2984 5261 3046 5323 id
3070 5262 3250 5324 Joan.
3281 5264 3353 5323 7:

1797 5358 1922 5433 Quo
1958 5360 2203 5425 ibimus.
2234 5358 2411 5419 verba
2437 5358 2581 5419 vitoe
2620 5361 2861 5419 oeternoe
2899 5356 3093 5417 habes.
3128 5355 3253 5417 Sed
3282 5374 3361 5416 ex

1793 5450 2078 5515 Patribus
2102 5469 2271 5511 nunc
2290 5451 2423 5511 haec
2452 5448 2781 5523 sufficiant,
2814 5448 2992 5527 plura
3022 5449 3190 5509 enim
3217 5466 3354 5529 cap.

1793 5549 1871 5608 12
1899 5551 1960 5623 et
1988 5548 2066 5606 13
2086 5546 2440 5605 afferemus.
