3850 6225
639 408 807 472 secr.
845 406 883 473 i.
920 419 1131 472 ornum
1164 420 1398 475 nemu
1432 404 1790 474 mvii-*tem
1824 422 2114 475 VALEANT
2147 424 2230 475 An
2264 414 2592 485 enormen,
2627 401 2762 476 sr'e.

122 666 185 727 In
227 663 479 745 proemio
534 664 841 729 essentiali
892 668 1269 729 retribuendo
1304 682 1423 727 mm
1466 666 1661 729 solum

188 759 587 833 intensionem,
616 763 724 823 sed
743 762 925 825 etiam
948 760 1397 824 multitudinem
1422 764 1664 825 actuum

184 868 286 932 per
322 868 383 913 se
401 852 650 915 attendi.

194 1078 280 1136 Π.
326 1072 519 1147 Qua-m
558 1076 645 1141 sit
666 1078 895 1154 falsum
942 1078 1102 1161 quod
1134 1083 1400 1143 sumunt.
1430 1108 1511 1124 —
1536 1074 1661 1139 Sed

124 1172 235 1229 haee
265 1170 585 1248 responsio
625 1172 839 1232 nititur
878 1173 999 1235 alio
1030 1173 1462 1245 fundament0‚
1491 1168 1661 1253 quod

126 1262 349 1337 omnino
371 1260 599 1323 falsum
630 1283 768 1327 csse
789 1265 1047 1344 opinor,
1082 1266 1399 1342 nimirum,
1424 1266 1487 1325 in
1523 1265 1662 1327 red-

126 1354 303 1417 denda
330 1356 621 1418 mercede
652 1358 967 1420 essentiali
996 1360 1387 1435 meritorum,
1420 1359 1662 1419 nullam

126 1467 240 1509 esse
268 1449 619 1510 habendam
646 1452 953 1514 rationem
972 1453 1385 1514 multitudinis
1408 1459 1663 1515 actuum

129 1544 581 1619 mentor-iorum,
614 1554 680 1610 ut
700 1549 1047 1609 secundum
1075 1549 1245 1612 illam
1289 1549 1474 1611 simul
1518 1568 1665 1611 cum

130 1638 241 1697 aliis
262 1638 639 1729 cpndignum
668 1642 1015 1720 praemium,
1046 1649 1108 1705 et
1134 1645 1197 1704 in
1228 1649 1399 1704 tanta
1424 1644 1664 1723 perfec-

129 1732 271 1791 tione
298 1730 683 1795 substantiali
713 1738 775 1797 et
806 1735 1113 1797 intensiva
1154 1736 1530 1799 conferatur.
1555 1737 1665 1799 Se·

130 1824 308 1901 quitur
353 1824 519 1885 enim
568 1827 689 1888 hoe
722 1835 935 1907 aperte
982 1848 1060 1891 cx
1101 1828 1263 1891 dicta
1316 1830 1659 1903 sententia3

128 1934 248 1976 nam
272 1918 619 1979 secundum
644 1920 835 1993 illam,
874 1922 955 1983 ad
980 1911 1460 1985 substantialem
1486 1929 1551 1984 et
1569 1924 1665 1984 in·-

127 2011 396 2071 tensivam
425 2012 877 2091 perfectionem
925 2016 1159 2094 praemii
1198 2014 1531 2078 multitudo
1567 2034 1665 2078 ac·

127 2110 275 2165 tuum
299 2104 705 2184 impertinens
723 2115 843 2181 est3
866 2108 1010 2189 quia
1030 2128 1186 2171 unus
1218 2128 1296 2171 ex
1322 2110 1441 2171 illis
1466 2110 1664 2172 inten-

129 2199 251 2270 sior,
281 2205 367 2259 est
398 2205 527 2259 tota
552 2200 712 2263 ratio
743 2202 906 2263 illius
944 2202 1383 2282 perfectionis;
1428 2204 1478 2264 si
1516 2221 1663 2264 vero

128 2292 227 2351 sint
254 2292 451 2371 plures
480 2295 784 2375 aequales,
808 2300 992 2357 erunt
1020 2298 1197 2377 quasi
1220 2298 1431 2377 plures
1456 2314 1661 2359 causae

130 2386 317 2445 totales
347 2386 631 2465 ejusdem
671 2390 950 2463 effectus„
986 2410 1254 2470 quarum
1294 2390 1662 2469 multiplica-

132 2480 199 2538 tio
231 2497 331 2558 per
365 2480 659 2543 accidens
688 2488 751 2543 et
783 2484 1191 2563 impertinens
1222 2490 1337 2559 est,
1368 2484 1494 2545 imo
1518 2502 1660 2545 eam

136 2570 279 2631 valde
308 2572 601 2635 abhorret
634 2582 882 2639 natura.
910 2578 985 2639 Et
1016 2577 1187 2639 idem
1220 2585 1314 2639 est
1350 2595 1493 2639 cum
1521 2594 1663 2656 pro-

133 2666 375 2742 portione
445 2666 523 2727 de
594 2666 832 2731 actibus
890 2665 1101 2731 minus
1145 2671 1405 2733 intensis
1438 2690 1455 2743 ;
1512 2688 1663 2731 nam

134 2757 195 2817 ad
220 2777 510 2821 summum
542 2768 729 2823 erunt
770 2764 959 2825 veluti
1004 2784 1207 2827 causae
1246 2764 1471 2825 totales
1502 2764 1662 2844 ejus-

134 2848 249 2909 dem
277 2854 505 2931 praemii
536 2856 887 2919 seeundum
918 2858 1183 2937 gradum
1209 2858 1541 2932 minorem,
1570 2857 1663 2937 ip-

135 2943 198 3001 sis
218 2945 755 3023 proportionatum.
780 2950 968 3029 Erg0,
985 2952 1163 3031 juxta
1182 2950 1661 3031 responsionem

133 3036 463 3114 predictam,
498 3039 563 3099 in
590 3041 938 3105 redditione
969 3044 1206 3125 p1·aemii
1252 3063 1367 3126 per
1414 3062 1481 3105 se
1528 3061 1656 3103 non

136 3131 517 3194 consideratur
545 3137 883 3200 multitudo
917 3129 1183 3219 ope’rum
1222 3146 1527 3220 quantum
1577 3137 1661 3200 ad

137 3223 523 3302 substantiam,
555 3235 620 3290 et
640 3230 1009 3294 intensivam
1038 3233 1487 3313 perfectionem
1510 3251 1661 3312 proe-

137 3319 241 3388 mii,
275 3319 580 3399 loquendo
606 3327 853 3404 proprie
876 3327 953 3388 de
989 3327 1269 3405 praemiO,
1300 3332 1369 3387 ut
1400 3326 1463 3386 in
1492 3326 1663 3405 prin-

136 3411 264 3489 cipio
285 3417 601 3494 supposui,
626 3436 740 3497 pro
766 3417 899 3498 ipsa
922 3418 1160 3482 visione
1190 3439 1302 3481 seu
1333 3417 1659 3480 beatitudi-

136 3523 195 3564 ne
222 3508 547 3580 essentiali3
588 3510 695 3571 illa
736 3513 899 3572 enim
950 3518 1043 3573 est
1068 3531 1289 3574 verum
1324 3511 1656 3574 essentiale

136 3601 437 3675 praemium,
464 3609 530 3663 ut
560 3603 727 3664 infra
768 3605 951 3667 latius
984 3607 1368 3668 ostendetur.
1396 3605 1661 3690 Opposi-

140 3698 241 3752 tum
288 3714 425 3776 ergo
454 3697 829 3777 principium
875 3707 1113 3761 certum
1142 3719 1281 3762 esse
1318 3701 1563 3780 opinor,
1598 3705 1659 3760 et

142 3803 423 3850 commune
450 3791 933 3872 Theologorum‚
980 3795 1305 3874 magisque
1331 3799 1662 3855 consenta-

143 3898 295 3942 neum
317 3883 491 3944 modo
520 3885 820 3964 loquendi
849 3889 1265 3950 conciliorum
1290 3893 1353 3948 et
1373 3885 1655 3962 Petrum,

140 3973 400 4048 videlieet,
434 3977 807 4039 intensivum
836 3980 1287 4059 perfectionem
1307 3981 1447 4042 vitae
1479 3985 1659 4042 aeter-

145 4085 219 4126 nae
256 4087 368 4128 non
414 4089 549 4132 esse
598 4078 837 4134 tantum
886 4075 1335 4136 conferendam
1378 4093 1492 4154 per
1532 4092 1658 4136 res-

145 4167 351 4233 perium
378 4161 455 4222 ad
482 4183 679 4225 umun
700 4173 906 4227 actum
926 4167 1334 4230 intensiorem
1359 4169 1545 4247 hujus
1573 4167 1660 4226 vi-

143 4256 225 4326 tae,
251 4255 348 4314 sed
366 4257 539 4334 juxta
558 4259 1021 4322 multitudinem
1048 4263 1235 4324 etiam
1264 4262 1653 4346 meritorum.

143 4345 221 4404 Sic
247 4350 395 4410 enim
425 4351 647 4414 dicitur
668 4354 733 4414 in
758 4355 1027 4416 Concilio
1058 4355 1438 4429 Florentino,
1466 4355 1531 4415 in
1555 4354 1659 4416 lit-

143 4440 259 4500 teris
304 4444 562 4520 unicniS,
614 4454 863 4510 sanctos
907 4449 1179 4527 perfecte
1226 4456 1524 4530 purgatos
1568 4453 1657 4508 in-

146 4536 275 4594 tueri
311 4537 463 4600 clare
504 4540 708 4620 ipsum
750 4542 951 4602 Deum
987 4543 1217 4604 trinum
1248 4549 1310 4604 et
1346 4562 1541 4604 unum
1584 4541 1661 4604 si-

146 4627 243 4686 cuti
287 4637 391 4703 est,
439 4635 795 4697 meritorum
841 4643 1041 4699 tamen
1080 4637 1429 4700 diversitate
1470 4637 1659 4700 alium

147 4719 243 4778 alio
276 4727 579 4800 perfectius
605 4753 635 4799 ,·
670 4746 797 4788 non
827 4727 974 4789 dixit
1010 4735 1254 4790 tantum
1282 4721 1655 4802 intensione,

148 4813 235 4872 sed
257 4815 609 4893 diversitate,
642 4839 783 4900 quoe
822 4839 1053 4901 magna
1081 4822 1266 4884 etiam
1292 4823 1356 4883 in
1388 4823 1661 4884 multitu-

148 4903 265 4966 dine
290 4913 639 4974 meritorum
669 4915 961 4976 cernitur.

217 5001 293 5060 18.
333 5003 541 5070 Prima
561 5009 743 5070 ratio.
759 5041 841 5054 -
857 5009 1162 5070 Praeterea
1181 5008 1537 5088 oppositum
1563 5012 1658 5070 est

148 5091 295 5154 valde
344 5098 607 5160 alienum
662 5121 699 5162 a
762 5101 1037 5180 perfecta
1096 5101 1547 5182 gubernatione
1596 5107 1658 5163 et

147 5187 511 5266 providentia,
537 5195 617 5255 ad
650 5213 840 5274 quam
880 5202 1121 5275 spectat
1147 5213 1272 5256 non
1292 5195 1495 5256 solum
1515 5209 1659 5274 pro-

149 5291 335 5340 vocat-e
362 5283 639 5348 homines
668 5287 750 5348 ad
778 5289 1057 5350 intensas
1081 5295 1142 5350 et
1172 5287 1481 5368 perfectas
1510 5305 1653 5367 ope-

150 5371 403 5450 rationeS,
434 5379 541 5440 sed
596 5383 783 5444 etiam
824 5382 905 5443 ad
934 5381 1395 5444 multitudinem
1445 5385 1507 5442 et
1533 5380 1658 5440 fre-

153 5468 429 5538 quentiam
452 5472 755 5536 bonorum
793 5481 1086 5549 actuum;
1117 5493 1265 5556 crgo
1306 5475 1489 5534 etiam
1520 5492 1655 5554 per-

154 5554 281 5618 tinet
329 5563 403 5623 ad
446 5567 778 5645 perfectam
814 5569 1331 5650 gubernationem
1374 5567 1656 5628 snbstan-

1736 520 1885 582 tiale
1922 520 2254 601 praemium
2286 521 2649 602 promittere
2687 527 2751 582 et
2777 518 3084 590 conferre,
3121 541 3306 605 prop-

1738 618 1835 676 ter
1866 632 2128 693 operum
2165 614 2654 687 multitudinem,
2697 620 2884 694 atque
2913 614 3071 677 adeo
3099 617 3305 696 majus

1743 708 2076 787 praemium
2096 708 2428 770 essentiale
2451 706 2601 771 dare
2631 715 2886 789 propter
2904 708 3082 787 plura
3113 727 3304 789 opera

1747 802 1988 863 (za-teris
2012 802 2290 881 paribus,
2310 821 2500 882 quam
2529 808 2784 882 propter
2797 802 3113 881 pauciora.
3147 801 3306 865 Nem

1741 894 1893 955 dare
1924 894 2091 956 idem
2135 894 2463 975 praemium
2518 902 2774 974 propter
2827 894 3008 973 plura
3053 886 3301 970 merita,

1740 1006 1867 1049 non
1898 993 1994 1051 est
2022 988 2172 1049 dare
2193 988 2420 1068 majuS,
2443 988 2554 1048 sed
2571 988 2776 1067 potius
2800 993 2893 1049 est
2927 987 3077 1049 dare
3097 988 3305 1048 minus

1742 1082 2068 1161 praemium
2107 1101 2221 1161 pro
2267 1082 2530 1162 singulis
2573 1080 2901 1163 operibus;
2947 1100 3117 1155 nam,
3161 1097 3304 1142 cum

1743 1174 1893 1235 illud
1943 1176 2268 1255 praemium
2316 1175 2562 1237 finitum
2624 1176 2702 1237 sit
2748 1179 2933 1252 prout
2983 1174 3047 1234 in
3104 1172 3308 1235 homi·-

1744 1287 1823 1329 ne
1860 1268 2178 1348 recipitur,
2221 1270 2385 1329 inter
2427 1268 2606 1349 plura
2639 1267 2859 1329 merita
2894 1267 3184 1341 divisum,
3235 1268 3306 1330 fit
3343 1332 3348 1338 ,

1745 1362 1952 1423 minus
1989 1362 2056 1423 in
2095 1362 2376 1441 singulis.
2404 1362 2581 1435 Quod
2609 1362 2660 1422 si
2695 1360 3150 1441 respondeatur
3175 1378 3307 1423 non

1745 1457 1945 1519 dividi·
1973 1457 2036 1518 in
2067 1454 2354 1537 singuliS,
2403 1456 2514 1518 sed
2561 1462 2760 1517 totum
2809 1456 3136 1535 praemium
3167 1456 3305 1517 dari

1743 1570 1857 1631 pro
1879 1550 2169 1613 omnibus
2199 1550 2406 1624 simul,
2428 1558 2491 1612 et
2505 1570 2616 1631 pro
2651 1550 2910 1631 singulis
2927 1548 3297 1628 aequalibuS,

1696 1689 1714 1705 .
1744 1646 1863 1706 hoc
1885 1663 2106 1707 revera
2153 1644 2306 1705 nihil
2335 1650 2528 1724 auget
2556 1644 2964 1720 substantiam
2989 1644 3052 1704 et
3097 1661 3306 1704 essen-

1747 1738 1896 1799 tiam
1924 1738 2190 1819 praemii‚
2231 1755 2376 1799 cum
2422 1742 2636 1798 tamen
2675 1736 3004 1797 multitudo
3053 1738 3307 1798 merito·-

1744 1852 1885 1893 rum
1902 1833 2166 1894 multum
2190 1836 2420 1911 augeat
2443 1828 2855 1893 substantiam
2877 1848 3126 1903 eorum;
3153 1830 3308 1891 nihil

1746 1924 1932 1987 etiam
1955 1930 2142 2005 auget
2174 1942 2375 2004 spem,
2403 1923 2505 1985 vel
2535 1924 2826 1985 affectum
2863 1922 3310 2003 multiplicandi

1748 2037 1942 2099 opera
1957 2019 2146 2091 bona,
2173 2016 2344 2097 quod
2367 2035 2480 2097 per
2509 2035 2576 2078 se
2607 2016 2871 2077 intendit
2901 2017 3057 2077 ratio
3087 2016 3307 2079 divinae

1744 2112 2145 2191 providentiae
2166 2109 2581 2191 promittentis
2609 2108 2936 2189 praemium
2959 2110 3140 2171 bonis
3162 2128 3307 2190 ope-

1744 2206 1940 2279 ribuS,
1967 2212 2038 2266 ut
2065 2207 2351 2267 homines
2381 2202 2462 2265 ad
2495 2222 2568 2266 ea
2593 2204 2920 2265 efficienda
2949 2204 3192 2279 excitet,
3236 2210 3308 2265 ut

1744 2318 1820 2361 ex
1851 2318 1917 2361 se
1935 2303 2197 2371 constat,
2231 2304 2294 2359 et
2323 2317 2398 2360 ex
2425 2297 2612 2359 modo
2628 2297 2925 2378 loquendi
2946 2296 3302 2377 Scripturas,

1745 2392 2002 2473 Apoeal.
2039 2394 2079 2455 Ξ
2109 2399 2170 2453 et
2203 2394 2262 2466 3,
2305 2399 2367 2456 et
2405 2410 2572 2472 saepe
2613 2392 2788 2453 alias.
2839 2392 2994 2453 Hinc
3037 2390 3100 2451 in
3135 2390 3310 2452 omni

1746 2486 2082 2566 Republica
2115 2486 2392 2547 humana
2434 2485 2597 2548 bene
2635 2485 2942 2559 ordinata,
2995 2490 3308 2564 augentur

1746 2580 2024 2659 praemia,
2072 2596 2204 2639 non
2237 2577 2438 2639 solum
2480 2596 2594 2658 pro
2641 2577 3072 2658 magnitudine
3119 2578 3304 2639 unius

1748 2670 1976 2751 operiS,
2018 2671 2130 2733 sed
2176 2671 2361 2733 etiam
2406 2689 2518 2750 pro
2565 2690 2829 2751 operum
2881 2671 3299 2734 multitudine.

1742 2765 1921 2838 Quod
1977 2766 2026 2827 si
2056 2764 2182 2825 dux
2227 2764 2450 2844 aliquis
2491 2765 2670 2843 plura
2713 2764 2980 2843 insignia
3023 2763 3303 2833 facinora

1742 2858 2094 2939 perfecerit,
2119 2877 2244 2919 non
2270 2858 2488 2919 satisfit
2518 2858 2602 2918 illi
2632 2878 2760 2920 uno
2788 2858 3048 2937 praemio
3079 2858 3302 2920 collato

1740 2972 1854 3033 pro
1886 2953 2200 3026 omnibuS,
2239 2959 2300 3013 et
2333 2971 2449 3032 pro
2487 2952 2746 3033 siugulis
2781 2952 3092 3026 totaliter;
3127 2953 3304 3032 quili-

1740 3047 1847 3128 bet
1890 3046 2058 3107 enim
2107 3045 2386 3127 prudens
2434 3044 2736 3127 injustum
2775 3045 3080 3126 judicabit
3134 3046 3302 3107 hunc

1740 3139 2102 3219 praemiandi
2141 3139 2423 3212 modum,
2453 3139 2504 3200 si
2551 3140 2874 3219 quodlibet
2911 3158 2988 3200 ex
3015 3138 3135 3200 illis
3151 3139 3301 3200 faci-

1740 3233 1999 3294 noribus
2053 3252 2169 3312 per
2217 3251 2284 3294 se
2349 3240 2671 3313 sumptum
2733 3239 2866 3294 erat
2905 3227 3164 3312 dignum
3190 3233 3298 3296 tali

1740 3327 2017 3408 praemio,

1822 3421 1920 3482 19.
1953 3413 2242 3484 Probatt‘o
2269 3421 2550 3484 secunda.
2568 3453 2650 3466 ——
2667 3421 2744 3482 Et
2767 3420 2911 3482 hinc
2939 3414 3302 3502 intelligitur

1739 3513 1896 3574 ratio
1926 3532 1966 3573 a
2006 3513 2196 3592 priori
2239 3513 2429 3593 hujus
2458 3513 2758 3586 veritam,
2797 3515 2942 3594 quia
2972 3514 3300 3594 praemium

1738 3607 2102 3668 meritorum
2147 3604 2426 3667 dandum
2457 3613 2550 3668 est
2581 3607 2927 3668 secundum
2958 3608 3130 3689 leges
3170 3609 3300 3688 jus-

1742 3699 1889 3761 titiae
1950 3700 2404 3761 commutativae
2433 3745 2448 3772 ‚
2507 3701 2602 3760 vel
2669 3699 3074 3762 distributivae
3116 3749 3132 3776 ,
3199 3702 3301 3765 vel

1742 3793 2090 3872 utriusque,
2132 3799 2195 3854 ut
2245 3811 2322 3854 ex
2351 3793 2668 3872 Scriptura
2716 3799 2778 3874 et
2815 3797 3132 3856 communi
3162 3815 3302 3858 sen-

1739 3885 1931 3947 tentia
1960 3885 2422 3966 Theologorum
2472 3885 2876 3949 ostendemus
2922 3888 2984 3948 in
3012 3889 3302 3969 Disputa-

1740 3979 1907 4039 tione
1936 3977 2210 4057 speciali.
2247 3979 2406 4040 Nam
2435 3978 2581 4040 licet
2618 3975 2935 4058 disputent
2961 3997 3044 4041 an
3079 3982 3163 4042 ibi
3205 3983 3302 4043 in·-

1738 4071 2044 4132 terveniat
2087 4089 2234 4132 vera
2260 4071 2523 4151 justitia,
2567 4090 2794 4146 necne,
2838 4091 3058 4135 omnes
3085 4080 3300 4138 tamen

1740 4183 1853 4244 pro
1882 4170 2202 4244 comperto
2253 4165 2486 4225 habent
2536 4165 2772 4226 servari
2822 4165 3110 4242 formam,
3166 4187 3301 4230 mo·-

1740 4258 1891 4319 dum
1921 4265 1984 4319 et
2011 4257 2184 4338 leges
2216 4257 2480 4336 alicujus
2507 4258 2785 4337 justitiae.
2839 4257 2962 4322 Sed
3003 4261 3086 4322 ad
3112 4263 3300 4324 ratio-

1740 4370 1886 4412 nem
1933 4351 2190 4431 justitiae
2241 4353 2696 4414 commutatiwe
2748 4357 3009 4431 spectat,
3063 4361 3135 4415 ut
3185 4374 3300 4435 pro

1738 4445 1976 4506 meritis
2005 4463 2116 4506 seu
2150 4445 2478 4523 operibus„
2523 4463 2662 4524 quae
2707 4446 3053 4508 seeundum
3092 4465 3302 4510 mora-

1738 4539 1865 4600 lem
1890 4537 2166 4598 valorem
2193 4543 2337 4598 sunt
2365 4538 2619 4618 maioris
2641 4539 3090 4614 aestimationiS,
3119 4541 3302 4603 detur

1739 4631 1944 4711 majus
2001 4627 2347 4710 prmmium,
2393 4635 2454 4691 et
2499 4651 2628 4692 non
2675 4635 2918 4695 tantum
2971 4633 3138 4696 idem
3186 4655 3300 4715 pro

1740 4723 2045 4804 pluribuS,
2078 4723 2222 4801 quia
2247 4723 2366 4784 hoc
2397 4724 2496 4784 vel
2523 4723 2698 4799 nihil,
2727 4725 2828 4786 vel
2853 4725 2985 4788 fere
3009 4728 3162 4788 nihil
3191 4747 3304 4790 au·-

1742 4824 1847 4897 get
1877 4817 2122 4897 praemii
2165 4816 2677 4892 aestimationem;
2718 4819 2820 4880 vel
2857 4821 3099 4884 saltem.
3133 4823 3302 4902 quod

1742 4909 2156 4972 certissimum
2188 4909 2455 4982 videtur,
2503 4929 2632 4972 non
2670 4909 2754 4972 ita
2791 4921 2984 4994 auget
3032 4915 3304 4993 dignita-

1738 5018 1865 5074 tem
1897 5023 2008 5065 seu
2027 5003 2500 5064 aestimationem
2524 5005 2786 5085 praemii,
2816 5014 3120 5086 quantum
3139 5011 3302 5070 mul-

1736 5097 1936 5159 titudo
1976 5114 2236 5176 operum
2291 5101 2482 5173 auget
2529 5098 2998 5162 aestimationem
3039 5104 3244 5165 meriti
3277 5123 3292 5162 ε

1738 5191 1889 5272 quin
1918 5189 2148 5270 potine,
2181 5187 2234 5250 si
2275 5189 2426 5266 quid
2454 5190 2739 5269 specialis
2767 5191 3081 5273 dignitatis
3109 5203 3202 5258 est
3231 5198 3298 5258 in

1736 5283 1996 5364 praemio
2059 5282 2146 5344 sic
2204 5282 2429 5342 collato
2483 5289 2736 5362 propter
2794 5285 3172 5348 relationens
3219 5289 3300 5350 ad

1736 5377 1933 5439 multa
1962 5376 2205 5446 merita,
2249 5377 2449 5454 magis
2490 5375 2773 5456 provenit
2803 5396 2879 5438 ex
2919 5379 3070 5458 ipsis
3115 5381 3300 5442 meri*-

1736 5472 1837 5544 tis,
1873 5488 2064 5550 quam
2105 5487 2182 5530 ex
2209 5469 2344 5548 ipso
2389 5469 2678 5548 praemio;
2712 5476 2796 5544 et,
2845 5475 2916 5530 ut
2943 5471 3026 5532 ita
3070 5471 3296 5552 dicam,

1735 5566 1938 5645 magis
1979 5563 2042 5623 in
2094 5580 2169 5622 eo
2218 5561 2512 5622 laudatur
2549 5563 2738 5624 virtus
2775 5565 3074 5628 merentis
3109 5586 3300 5647 quam
