3850 6225
691 382 826 434 CAP.
861 379 1086 434 11.'NON
1115 375 1695 432 PRAEDETERMINARE
1727 376 1898 429 DEUH
1927 375 2135 440 NEQUE
2166 371 2575 435 PRAEMOVERE,
2610 369 2745 424 ETC.

157 485 388 547 dicetur.
445 484 738 547 Similiter
794 481 1042 563 quando
1097 481 1424 560 Cajetanus
1474 480 1582 553 ait,
1639 479 1678 537 2

158 579 289 656 Reg.
331 578 564 656 ultimo,
619 578 880 640 incitare
925 577 1122 636 Deum
1168 574 1426 654 positive
1465 573 1540 634 ad
1581 590 1682 632 ac-

153 672 330 732 tiones
351 678 757 752 peccatorum,
783 676 854 731 ut
883 668 1147 750 positiva
1174 666 1342 727 entia
1369 671 1538 740 sunt,
1566 681 1682 724 nec

153 766 662 845 praedeterminare
690 765 862 838 dicit,
892 781 1006 824 nec
1047 760 1323 840 loquitur
1369 757 1446 819 de
1489 774 1676 836 gene-

152 858 254 918 rali
279 877 590 935 concursu,
624 857 730 919 sed
773 857 851 918 de
896 855 1104 936 aliqua
1146 852 1393 934 speciali
1437 852 1676 911 ratione

151 952 522 1029 providentiae
571 951 831 1026 divinae,
889 955 954 1010 et
1007 948 1108 1029 pie
1168 944 1396 1026 exponi
1451 948 1674 1024 potest,

147 1046 306 1123 juxta
341 1064 410 1107 ea
453 1063 590 1124 quae
624 1064 755 1126 cap.
812 1045 850 1105 3
897 1043 1190 1104 dicemus,
1221 1040 1461 1101 Citatur
1488 1038 1679 1100 etiam

151 1139 419 1214 Oleaster,
447 1139 666 1200 Genes.
700 1139 800 1199 45.
825 1135 945 1199 Sed
973 1135 1060 1195 ibi
1085 1134 1247 1195 nihil
1267 1133 1377 1208 ait,
1410 1131 1529 1193 nisi
1547 1147 1680 1192 esse

151 1232 442 1312 proprium
471 1231 580 1293 Dei
609 1249 762 1313 opus
790 1229 1077 1292 ordinare
1097 1225 1332 1288 malum
1359 1243 1516 1306 opus
1538 1242 1680 1285 nos-

151 1332 296 1384 trum
334 1327 398 1385 in
445 1323 682 1386 honum
724 1323 917 1385 finem
963 1339 1170 1382 suum.
1213 1321 1449 1384 Citatur
1490 1318 1680 1380 etiam

151 1417 322 1479 Exodi
347 1421 422 1480 47
447 1425 510 1480 et
537 1422 639 1494 10,
661 1424 723 1479 et
740 1419 986 1479 Denter.
1013 1415 1074 1476 2.
1103 1413 1220 1476 Sed
1247 1412 1346 1474 his
1375 1412 1525 1474 locis
1552 1429 1682 1472 non

152 1514 262 1590 agit
285 1513 356 1572 de
395 1531 699 1574 concursu
731 1511 866 1586 Dei,
897 1509 1004 1570 sed
1045 1507 1122 1569 de
1155 1507 1573 1581 induratione,
1604 1505 1680 1566 de

153 1623 256 1684 qua
283 1624 344 1665 re
371 1604 534 1666 infra
564 1624 700 1684 cap.
728 1606 788 1665 3.

220 1701 273 1757 1.
297 1699 430 1759 Haec
455 1715 611 1776 ergo
630 1697 864 1776 opium,
891 1701 962 1756 ut
987 1693 1298 1776 proposita
1316 1697 1430 1770 est,
1449 1711 1488 1755 a
1507 1692 1681 1754 nullo

154 1795 377 1871 antiquo
401 1791 653 1853 doctore
679 1789 1057 1852 scholastico
1083 1788 1313 1850 tradita
1339 1793 1451 1848 est.
1471 1787 1602 1848 [mo
1622 1792 1683 1847 et

155 1885 398 1944 moderni
429 1884 781 1963 scriptoreS,
819 1885 927 1962 qui
973 1880 1680 1964 praedeterminationem

155 1977 434 2056 physicam
474 1977 667 2038 liberi
694 1975 936 2038 arbitrii
979 1974 1266 2049 docuere,
1311 1990 1528 2035 cavere
1557 1979 1684 2032 stu-

155 2070 280 2130 dent
317 2066 491 2130 illum
541 2068 838 2150 loquendi
883 2067 1180 2144 modumj.
1218 2066 1471 2141 scilicet,
1515 2065 1682 2146 quod

155 2164 288 2224 Deus
337 2164 608 2244 applicet
656 2173 718 2224 et
764 2162 1260 2243 praedeterminet
1299 2159 1678 2222 voluntatem

153 2263 384 2316 creatam
409 2257 486 2316 ad
515 2256 760 2317 malum
788 2263 994 2317 actum
1029 2273 1142 2336 pro
1176 2253 1505 2330 materiali,
1535 2253 1683 2332 quia

149 2349 330 2410 vident
350 2369 484 2411 eam
512 2349 892 2410 locutionem
920 2347 1260 2409 multorum
1283 2364 1463 2407 aures
1491 2345 1683 2407 oflen-

149 2441 289 2517 dere,
315 2442 653 2522 multisque
668 2441 959 2521 gravibus
980 2439 1332 2501 doctoribus
1353 2439 1686 2500 vehemen-

152 2541 230 2596 ter
254 2535 592 2616 displicere.
621 2535 1042 2596 Nihilominus
1066 2539 1278 2594 tamen
1303 2532 1407 2593 alii
1441 2538 1686 2593 sentcn-

151 2631 274 2688 tiam
304 2628 468 2689 illam
510 2628 800 2690 indicant
819 2673 839 2704 ‚
892 2627 1110 2688 saltem
1138 2625 1253 2686 sub
1288 2625 1684 2705 generalibus

147 2721 341 2797 verbis,
373 2728 443 2783 ut
469 2728 628 2784 sunt
653 2722 791 2782 illa:
825 2721 1029 2786 Nulla
1064 2737 1249 2783 causa
1291 2720 1546 2783 secunda
1581 2737 1686 2798 po-

149 2821 243 2876 test
266 2817 519 2894 operari,
554 2817 688 2878 nisi
713 2818 798 2878 sit
826 2815 1165 2892 efficaciter
1193 2832 1232 2876 a
1257 2815 1464 2893 prima
1497 2813 1686 2875 deter-

149 2909 384 2982 minata;
416 2908 517 2970 vel
581 2908 768 2970 etiam
819 2908 1019 2986 magis
1068 2907 1134 2966 in
1190 2905 1573 2988 particulari,
1615 2910 1688 2965 ut

149 3002 286 3061 idem
317 3009 524 3064 auctor
555 3001 714 3062 alibi
741 3002 920 3062 dicit:
949 3001 1264 3063 Antecedit
1292 3000 1686 3082 operationem

151 3101 385 3159 nostram
411 3097 675 3160 liberam
713 3097 934 3159 divinoe
969 3095 1302 3158 voluntatis
1329 3099 1614 3155 oeternum
1636 3097 1692 3156 et

149 3190 485 3253 immutabile
514 3190 868 3265 consilium,
890 3190 1014 3252 sive
1047 3189 1271 3251 divinoe
1294 3186 1690 3267 providentioe

151 3283 478 3357 infallibilis
495 3283 940 3365 proedcfinitio,
970 3300 1104 3362 quoe
1133 3298 1358 3343 omnem
1398 3281 1692 3359 operatio·

151 3393 256 3436 nem
284 3378 481 3439 bonam
507 3378 772 3437 liberam
794 3375 1226 3454 proedefinivit,
1249 3375 1368 3435 imo
1389 3378 1444 3435 et
1466 3390 1692 3435 omnem

157 3470 522 3546 operationem
569 3471 640 3531 in
679 3476 970 3549 quantum
1016 3468 1167 3529 bona
1205 3471 1335 3536 e3t;
1380 3464 1488 3525 ubi
1530 3463 1692 3525 hanc

153 3562 406 3623 ultimam
428 3560 983 3643 amplificationem
1011 3560 1186 3641 ponit
1210 3563 1460 3639 propter
1483 3562 1693 3618 actum

153 3656 382 3732 peccati,
413 3656 558 3716 licet
582 3656 796 3734 ipsum
824 3655 1075 3733 proprio
1099 3652 1353 3714 nomine
1386 3650 1690 3731 explicare

155 3765 314 3807 ausus
359 3766 485 3809 non
537 3748 736 3809 suerit
786 3748 1092 3825 (Bannez,
1138 3751 1166 3807 1
1203 3764 1295 3826 p.,
1323 3763 1387 3825 q.
1435 3746 1535 3820 14,
1568 3748 1685 3805 art.

155 3840 366 3903 decimo
397 3842 608 3919 tertio,
637 3840 789 3901 dub.
819 3840 980 3901 circa
1015 3839 1215 3901 solum
1248 3844 1690 3918 argumentum

155 3933 216 3992 D.
245 3935 506 4012 Thomae,
539 3936 578 4015 ἓ
633 3934 764 3999 Sed
805 3936 1118 4014 arquitur,
1151 3953 1213 4014 p.
1261 3934 1404 4007 524,
1450 3931 1568 3993 litt.
1617 3933 1690 4008 B,

156 4034 342 4105 quaest.
373 4028 614 4091 decima
637 4046 828 4099 nona,
853 4033 971 4089 art.
1000 4026 1264 4103 decimn,
1293 4026 1442 4087 dub.
1471 4026 1698 4105 primo,

157 4128 274 4198 post
299 4124 548 4185 tertium
593 4123 1060 4199 documentum)
1075 4138 1096 4199 ;
1129 4120 1235 4182 alii
1269 4139 1415 4183 vero
1451 4118 1697 4197 clariuS,

157 4216 292 4275 etin
317 4217 673 4296 particulari
699 4214 871 4294 loqui
901 4214 1120 4276 solent.

227 4312 279 4368 5.
323 4312 746 4373 Fundamenta
773 4309 956 4388 hujus
978 4308 1301 4387 opinionis.
1329 4340 1414 4354 —
1443 4306 1693 4368 Funda-

160 4409 346 4464 menta
373 4404 562 4483 hnjus
612 4403 935 4465 sentcntiae
981 4402 1208 4481 partim
1240 4409 1575 4463 sumuntur
1621 4418 1699 4463 ex

161 4496 636 4560 subordinatione
673 4495 1016 4557 necessaria
1061 4514 1260 4556 causze
1307 4495 1588 4556 secundae
1619 4492 1699 4555 ad

163 4592 423 4669 primam,
453 4593 685 4673 partim
713 4610 785 4653 ex
829 4589 1203 4671 perfectione
1231 4588 1456 4652 divinae
1494 4590 1700 4670 provi-

165 4684 386 4759 dentiae,
436 4686 669 4765 partim
710 4703 787 4746 ex
830 4682 1041 4744 divina
1078 4682 1530 4763 reprobatione,
1561 4700 1723 4765 quae⁴

168 4778 376 4837 nullam
404 4797 481 4839 ex
509 4782 686 4858 parte
709 4776 983 4837 hominis
1013 4775 1202 4837 habet
1229 4794 1512 4852 causam3
1561 4794 1702 4856 par·

168 4870 268 4930 tim
293 4890 363 4933 ex
390 4870 763 4951 quibusdam
790 4887 976 4930 sacroe
1005 4869 1335 4949 Scripturae
1375 4868 1702 4929 locutioni-

169 4958 290 5039 bus,
317 4970 375 5024 et
410 4983 486 5024 ex
515 4962 888 5044 quibusdam
928 4961 1261 5040 Augustini
1289 4960 1696 5035 testimoniis;

171 5057 370 5133 partim
396 5076 472 5119 ex
497 5074 572 5118 eo
603 5049 766 5136 quod
793 5054 1038 5115 nullum
1065 5055 1343 5134 sequitur
1364 5054 1700 5115 absurdum

171 5166 236 5208 ex
279 5150 385 5212 hac
429 5152 758 5227 sententia,
800 5150 999 5228 magis
1044 5166 1231 5228 quam
1279 5167 1358 5210 ex
1400 5164 1700 5209 concursu

172 5244 419 5319 generali
455 5244 536 5305 ad
587 5250 793 5305 actum
846 5241 1103 5323 peccati.
1149 5241 1268 5303 Sed
1316 5240 1448 5301 hcec
1493 5240 1704 5301 omnia

173 5344 570 5416 proponentur
595 5334 814 5399 melius
835 5334 1094 5397 inferius
1115 5334 1301 5396 simul
1323 5352 1464 5399 cum
1487 5351 1704 5396 eorum

174 5430 578 5493 solutionibus.

3239 361 3320 424 93

2354 614 2605 677 CAPUT
2645 615 2719 674 11.

1757 851 1875 899 NON
1903 847 2467 896 PRAEDETERmNAnE
2508 845 2673 892 nmm
2713 843 2909 898 NEQUE
2949 843 3321 889 PRAEMOVERE.

1867 944 2256 992 VOLUNTATES
2288 939 2577 988 HUMANAS
2621 939 2701 984 AD
2738 939 2921 985 AG‘rus
2962 937 3207 984 PRAVOS.

1843 1143 1902 1199 1.
1946 1137 2244 1202 Assertio.
2267 1169 2351 1184 --
2392 1133 2811 1195 ‘Distinximus
2848 1132 2915 1194 in
2965 1131 3091 1194 fine
3144 1151 3324 1214 supe-

1759 1233 1941 1294 rioris
1968 1232 2113 1293 libri
2138 1231 2417 1292 divinam
2449 1227 2927 1309 praefinitionem
2974 1227 3324 1288 immanen-

1759 1332 1888 1388 tem
1927 1345 2034 1388 seu
2066 1327 2403 1400 internam,
2436 1341 2475 1384 a
2521 1321 3167 1403 praedeterminafione
3217 1339 3324 1381 ex-

1759 1427 1943 1483 terna
1986 1439 2095 1482 seu
2139 1423 2521 1480 transeunte.
2552 1417 2845 1478 Neutram
2877 1415 3072 1494 igitur
3107 1432 3324 1476 earum

1759 1513 1993 1576 habere
2020 1529 2341 1574 censemus
2367 1509 2572 1572 locum
2604 1509 2673 1570 in
2702 1507 2941 1569 actibus
2976 1507 3175 1569 malis.
3202 1505 3325 1568 Sed

1759 1607 1880 1670 hoc
1907 1608 2130 1687 capite,
2168 1604 2370 1666 solum
2418 1603 2494 1664 de
2546 1607 2909 1663 transeunte
2950 1619 3023 1662 ac
3070 1600 3325 1680 physica

1759 1698 2409 1782 praedeterminatione
2453 1695 2791 1776 loquimur,
2822 1713 2961 1774 quae
3007 1693 3326 1774 physicam

1762 1793 2097 1856 efficaciam
2136 1790 2325 1853 habet
2355 1791 2423 1850 in
2456 1794 2733 1850 nostram
2761 1787 3169 1862 voluntatem,
3194 1787 3326 1846 sive

1766 1885 2002 1966 aliquid
2030 1883 2331 1965 praevium
2360 1881 2440 1942 ad
2486 1887 2689 1942 actum
2746 1879 2839 1940 illi
2885 1879 3325 1960 imprimendO,

1764 1981 1892 2041 sive
1923 1978 2053 2039 sola
2086 1975 2442 2038 efficacitate
2466 1992 2576 2035 sua
2599 1973 2943 2035 extrinseca
2964 1991 3103 2034 eam
3122 1973 3329 2034 effica-

1762 2074 1916 2136 citer
1958 2071 2035 2132 ad
2081 2076 2290 2131 actum
2318 2066 2952 2150 praedeterminando3
2989 2067 3057 2126 in
3102 2071 3325 2146 quarto

1761 2185 1909 2230 vero
1933 2164 2134 2246 capite
2160 2161 2237 2224 de
2264 2163 2459 2224 altera
2486 2159 2893 2240 praefinitione
2921 2177 3199 2239 agemus.

1841 2263 1903 2322 2.
1972 2257 2227 2339 Aliquot
2292 2257 2756 2336 praemittuntur
2812 2255 3325 2318 animadversione

1765 2355 1981 2434 diona.
2002 2384 2087 2397 —
2110 2351 2404 2430 Suppono
2432 2353 2643 2409 autem
2670 2346 2979 2427 imprimis
3001 2345 3068 2407 in
3089 2345 3328 2408 actibus

1767 2445 1948 2507 malis
1976 2444 2099 2505 duo
2127 2461 2303 2524 posse
2329 2441 2737 2502 considerari:
2766 2439 3095 2520 loquemur
3115 2445 3327 2502 autem

1766 2557 2011 2620 semper
2030 2539 2107 2598 de
2127 2537 2367 2598 actibus
2394 2534 2679 2610 internis,
2706 2541 2767 2596 et
2788 2534 3007 2595 elicitis
3041 2552 3078 2594 a
3111 2533 3331 2594 volun-

1763 2639 1916 2708 tate,
1946 2631 2243 2710 quoniam
2273 2629 2339 2690 in
2369 2629 2457 2690 eis
2486 2626 2709 2688 melius
2744 2623 3020 2688 cernitur
3066 2626 3328 2688 difficul-

1765 2733 1880 2802 tas,
1919 2730 1983 2787 et
2017 2726 2162 2805 qula
2194 2730 2328 2785 tota
2376 2721 2657 2784 formalis
2708 2721 2944 2782 malitia
2974 2740 3083 2783 seu
3122 2721 3328 2782 defor-

1767 2821 1949 2880 mitas
1979 2817 2228 2879 moralis
2258 2823 2351 2878 est
2386 2817 2453 2876 in
2479 2814 2718 2876 actibus
2744 2815 3005 2876 internis
3044 2821 3109 2876 et
3134 2815 3213 2876 ab
3241 2815 3331 2876 eis

1767 2911 2254 2974 denominantur
2293 2909 2630 2971 exteriores
2674 2913 2849 2968 actus
2892 2907 3063 2969 mali.
3113 2909 3184 2969 In
3233 2908 3331 2969 his

1771 3023 1920 3082 ergo
1966 3003 2204 3064 actibus
2259 3003 2459 3083 primo
2510 3000 2884 3061 considerari
2940 3006 3140 3080 potest
3194 3002 3331 3082 ipsa

1769 3098 1957 3160 realis
1991 3099 2217 3159 entitas
2266 3108 2439 3159 actus
2478 3093 2661 3157 liberi
2694 3101 2757 3156 et
2785 3093 3143 3173 voluntarii,
3183 3115 3334 3177 qua-

1771 3198 1953 3254 tenus
1984 3193 2145 3253 circa
2174 3192 2299 3253 tale
2328 3190 2640 3270 objectum
2682 3194 2747 3251 et
2788 3207 2930 3251 cum
2960 3190 3189 3251 talibus
3220 3192 3337 3251 cir·

1771 3286 2159 3348 cumstantiis
2200 3284 2293 3346 fit.
2349 3284 2631 3345 Secundo
2641 3328 2663 3359 ,
2713 3283 3089 3345 considerari
3136 3290 3337 3364 potest

1770 3378 2151 3456 deformitas,
2181 3396 2287 3439 seu
2318 3377 2556 3438 malitia
2580 3376 2851 3451 moralis,
2882 3394 3022 3457 quae
3040 3376 3119 3438 ad
3146 3377 3336 3439 talem

1771 3480 1979 3533 actum
2008 3470 2429 3551 consequitur,
2460 3478 2763 3549 quatenus
2812 3486 2850 3529 a
2898 3470 3007 3530 tali
3055 3488 3237 3531 causa
3260 3469 3338 3531 li-

1772 3565 1922 3626 bera
1961 3564 2065 3625 hic
2094 3569 2157 3625 et
2183 3580 2354 3625 nunc
2380 3560 2486 3641 fit3
2542 3561 2817 3642 primum
2861 3561 3087 3624 horum
3128 3563 3339 3643 appel-

1770 3658 1887 3719 lari
1921 3657 2078 3719 solet
2104 3655 2423 3718 materiale
2454 3656 2710 3736 peccati,
2741 3656 3085 3718 secundum
3122 3662 3337 3718 autem

1771 3751 2057 3812 formale.

1855 3847 1916 3906 3.
1964 3842 2083 3918 Qui
2126 3862 2352 3906 movere
2369 3844 2570 3923 possit
2594 3843 2759 3905 Deus
2783 3843 3146 3907 voluntatem
3174 3862 3335 3908 crea-

1780 3942 1927 4001 tam.
1955 3970 2040 3983 —
2062 3936 2345 3998 Secundo
2373 3952 2677 4015 suppon0,
2709 3952 2785 3996 ex
2814 3936 2993 3997 dictis
3030 3936 3098 3997 in
3127 3935 3239 3997 lib.
3274 3940 3337 4013 1,

1781 4028 2091 4110 duplicem
2121 4028 2388 4108 intelligi
2416 4046 2590 4109 posse
2610 4027 2865 4089 modum
2885 4047 3009 4108 quo
3030 4028 3185 4091 Deus
3208 4048 3341 4091 mo·

1778 4136 1922 4185 veat
1956 4123 2340 4185 voluntatem
2364 4123 2441 4183 ad
2470 4121 2739 4201 aliquem
2776 4128 2983 4183 actum
3002 4145 3019 4199 3
3058 4142 3221 4184 unus
3250 4129 3342 4186 est

1779 4216 2058 4292 moralis,
2088 4216 2341 4293 scilicet,
2366 4214 2477 4277 ‘vel
2516 4233 2595 4276 ex
2628 4220 2801 4295 parte
2844 4216 3091 4297 objecti,
3120 4236 3342 4299 propo-

1776 4310 1982 4371 nendo
2009 4308 2189 4385 illud,
2217 4314 2281 4371 et
2328 4309 2599 4370 rationes
2636 4308 2716 4369 ad
2761 4308 2963 4389 ipsum
3000 4312 3343 4373 amandum

1781 4403 2263 4482 fugiendumve,
2305 4402 2405 4463 vel
2450 4419 2563 4481 per
2606 4400 2906 4480 quosdam
2953 4409 3125 4464 actus
3178 4404 3341 4466 exci-

1778 4497 1971 4559 tando
1998 4497 2076 4558 ad
2105 4497 2283 4573 alios,
2320 4502 2393 4557 ut
2415 4514 2524 4576 per
2548 4503 2815 4559 terrores
2845 4502 2907 4558 et
2932 4498 3137 4560 minas
3167 4500 3343 4561 incu-

1779 4590 1992 4651 tiendo
2029 4596 2291 4667 metum,
2324 4590 2433 4669 qui
2464 4588 2541 4651 ad
2571 4588 2835 4669 alicujus
2861 4590 2953 4651 rei
2987 4592 3201 4653 odium
3241 4590 3343 4655 vel

1780 4702 2057 4745 amorem
2099 4684 2372 4745 inducat.
2405 4683 2603 4759 Quem
2632 4682 2890 4745 modum
2916 4686 3209 4746 movendi
3234 4704 3342 4747 vo-

1780 4777 2088 4839 luntatem
2146 4776 2418 4837 maxime
2472 4782 2677 4837 servat
2728 4776 2887 4837 Deus
2932 4777 2999 4837 in
3055 4778 3343 4857 operibus

1781 4869 2022 4949 gratim,
2050 4873 2119 4929 ut
2147 4868 2290 4929 libr.
2316 4870 2351 4929 3
2381 4868 2748 4929 videbimus.
2770 4868 2943 4930 Alius
2962 4856 3343 4931 modus'mo-

1778 4962 1967 5023 vendi
1985 4966 2078 5023 est
2107 4960 2424 5041 physicuS,
2451 4980 2563 5041 per
2588 4960 2903 5041 propriam
2932 4967 2994 5023 et
3019 4962 3342 5025 immedia-

1779 5060 1910 5115 tam
1952 5054 2339 5115 effectionem
2380 5054 2448 5114 in
2494 5054 2693 5135 ipsam
2728 5054 3136 5130 voluntatem,
3164 5054 3341 5135 quasi

1781 5146 2195 5229 imprimendo
2235 5148 2301 5208 in
2348 5147 2456 5209 illa
2486 5148 2820 5228 quemdam
2864 5149 3190 5228 impetum,
3217 5166 3340 5229 quo

1783 5242 2111 5303 efficaciter
2138 5240 2492 5321 impellatur
2518 5242 2599 5301 ad
2630 5247 2838 5302 actum
2862 5241 3227 5303 secundum.

1863 5336 1922 5396 4.
1968 5334 2074 5396 Ad
2097 5339 2297 5397 actum
2319 5352 2391 5396 ecc
2416 5353 2477 5396 sc
2504 5334 2713 5397 bonum
2747 5334 2987 5415 beneque
3020 5334 3163 5413 ficri
3202 5352 3341 5413 pos-

1785 5428 2041 5505 sibilem,
2068 5433 2134 5491 at
2160 5428 2227 5490 in
2253 5446 2319 5491 rc
2345 5428 2501 5491 malo
2524 5428 2873 5506 faciendum
2904 5429 3197 5491 inclinare
3223 5448 3340 5507 po-

1787 5526 1900 5587 test
1926 5522 2115 5585 Deus.
2136 5552 2220 5569 -
2246 5522 2449 5583 Potest
2486 5520 2672 5583 ctiam
2724 5520 2837 5583 hoc
2877 5520 3010 5583 loco
3048 5520 3341 5603 proemitti
