3850 6225
685 408 897 463 OPUSC.
933 410 1020 463 111.
1052 408 1274 464 suavis
1304 410 1647 465 lii-:somno
1679 408 2167 466 comovssnsffl
2200 414 2279 465 ΒΕ
2313 409 2569 465 AUXILIO
2602 410 2795 463 nvnc.

149 518 304 577 Deus
361 528 585 573 omnes
623 511 909 573 homines
965 510 1170 573 salvos
1198 511 1431 588 facere,
1487 520 1703 576 contra

151 608 402 672 Paulum
447 610 494 681 ⁸,
539 611 598 667 et
623 624 658 667 e
689 605 998 667 contrario
1048 624 1268 667 verum
1311 612 1476 669 esset
1504 607 1702 669 Deum

152 705 432 765 deserere
481 699 798 761 hominem
847 699 1212 779 priusquam
1257 700 1582 763 deseratur
1618 702 1699 761 ab

155 797 300 877 ipso,
331 798 552 855 contra
572 792 913 853 Concilium
942 792 1376 855 Tridentinum
1399 796 1448 855 ².

227 889 320 949 16.
364 886 664 964 Idemque
695 886 998 965 sequitur,
1049 887 1249 947 Deum
1292 886 1316 927 ³
1360 888 1700 967 praecipere

155 978 376 1043 homini
409 978 844 1058 impossibilia,
884 997 1013 1039 non
1054 979 1262 1040 dando
1313 980 1437 1052 illi,
1491 999 1700 1061 neque

158 1073 464 1137 offerendo
499 1092 574 1135 ea
609 1090 750 1153 quae
784 1074 1141 1135 necessaria
1177 1081 1322 1135 sunt
1351 1075 1433 1136 ad
1459 1093 1533 1135 ea
1562 1092 1703 1154 quae

157 1166 417 1251 praecipit
443 1165 788 1246 implenda,
815 1172 1034 1227 contra
1059 1166 1227 1228 idem
1257 1169 1620 1231 Concilium.

233 1265 325 1321 17.
351 1260 440 1321 Ac
469 1259 742 1338 denique
769 1258 948 1321 fieret
975 1278 1105 1320 non
1137 1278 1277 1321 esse
1305 1262 1370 1321 in
1395 1266 1706 1341 potestate

161 1352 413 1415 hominis
447 1351 714 1431 implere
757 1352 1258 1437 supernaturalia
1285 1360 1592 1435 praecepta
1622 1352 1710 1415 af·-

159 1446 487 1523 firmativa3
529 1444 720 1518 unde,
747 1444 846 1505 vel
885 1444 944 1505 ei
981 1462 1110 1505 non
1153 1446 1568 1525 imputaretur
1607 1464 1710 1509 eo-

163 1558 286 1603 rum
335 1538 592 1599 omissio
625 1586 641 1613 ,
698 1538 800 1599 vel
850 1537 1265 1617 imputaretur
1314 1540 1372 1600 ei
1425 1538 1708 1601 omisisse

165 1633 315 1713 quod
351 1632 566 1692 facere
627 1649 756 1693 non
813 1634 1048 1710 poswt.
1102 1630 1449 1711 Utrumque
1501 1639 1714 1695 autem

165 1734 244 1789 cst
283 1730 494 1787 contra
533 1725 750 1787 fidem.

237 1822 323 1880 18.
373 1820 518 1881 Haec
560 1820 751 1899 igitur
785 1821 996 1881 omnia
1045 1822 1335 1883 videntur
1385 1818 1708 1898 consequi,

167 1917 208 1977 si
233 1912 524 1973 auxilium
557 1912 874 1975 sufficiens
901 1913 1081 1976 deest
1109 1914 1399 1977 omnibus
1443 1912 1550 1991 qui
1579 1912 1715 1973 effl-

167 2028 266 2069 cax
291 2024 414 2067 non
441 2006 781 2085 recipiunt,
807 2024 922 2067 seu
949 2008 1242 2069 omnibus
1271 2007 1378 2087 qui
1413 2025 1540 2067 nou
1569 2024 1715 2067 con·

165 2105 470 2162 vertuntur
491 2100 573 2161 de
601 2100 786 2162 facto.

239 2198 326 2257 19.
367 2195 672 2272 Superest
699 2195 1078 2257 declaranda
1105 2194 1277 2275 prior
1325 2192 1710 2267 consecutio,

169 2306 288 2367 quta
332 2304 406 2347 ex
449 2285 590 2347 sola
638 2287 1048 2366 praecedentis
1094 2287 1418 2349 sententiae
1470 2284 1718 2365 exposi-

173 2382 316 2441 tione
361 2380 510 2439 satis
551 2385 820 2441 constat.
856 2381 1085 2443 Dicunt
1113 2380 1279 2441 enim
1311 2380 1396 2441 illi
1427 2384 1717 2441 auctores

171 2471 478 2550 praefatum
513 2472 822 2533 auxilium
856 2474 1078 2535 efficax
1119 2490 1258 2535 esse
1287 2472 1718 2534 necessarium

175 2565 243 2627 ad
277 2564 690 2645 operandum,
737 2572 798 2628 et
851 2586 978 2629 non
1025 2585 1164 2629 csse
1199 2566 1266 2628 in
1309 2566 1582 2627 hominis
1607 2583 1717 2645 po·

175 2663 394 2731 testate,
431 2658 644 2719 donec
673 2660 842 2721 Deus
881 2678 995 2720 sua
1023 2660 1156 2721 sola
1187 2660 1457 2739 gratuita
1495 2659 1718 2720 volun-

178 2758 282 2813 tate
311 2751 588 2830 praebeat
618 2752 774 2814 illud
799 2750 824 2793 ⁴
851 2772 867 2825 ;
895 2771 1070 2833 crgo,
1101 2753 1198 2814 cui
1225 2771 1354 2814 non
1383 2752 1511 2826 dat,
1541 2751 1721 2813 deest

177 2844 384 2923 aliquid
428 2844 802 2925 s1mpliciter
839 2846 1267 2907 necessarium
1313 2845 1394 2907 ad
1456 2863 1719 2925 operan-

178 2938 330 3009 dum,
353 2937 522 3015 quod
552 2956 766 3016 neque
789 2939 979 3000 habet
999 2956 1206 3018 neque
1237 2938 1471 3000 habere
1487 2942 1715 3019 potcst;

178 3031 268 3109 qui
305 3034 514 3091 autem
555 3048 690 3091 non
734 3032 942 3105 habet,
989 3050 1197 3111 neque
1243 3032 1480 3093 habere
1519 3036 1724 3113 potest

181 3141 300 3204 quae
321 3126 682 3186 necessaria
712 3132 859 3187 sunt
886 3126 968 3187 ad
1005 3128 1420 3208 operandum,
1451 3143 1583 3187 non
1609 3127 1724 3187 ha-

181 3218 350 3280 hetin
378 3236 490 3278 sua
537 3223 854 3298 potestate
899 3220 1350 3299 operationem,
1392 3237 1537 3280 eum
1573 3237 1724 3298 ope-

181 3311 316 3372 ratio
344 3329 478 3372 esse
505 3329 648 3374 non
680 3313 877 3392 possit
923 3313 1058 3376 sine
1088 3313 1185 3374 his
1233 3331 1374 3393 quoe
1419 3313 1502 3375 ad
1546 3312 1721 3374 illam

182 3405 508 3466 necessaria
535 3413 710 3468 sunt.

247 3501 337 3562 20.
380 3501 604 3579 Neque
653 3505 750 3562 est
794 3519 908 3562 cur
950 3500 1360 3562 immoremur
1407 3500 1472 3560 in
1519 3499 1726 3579 impu-

183 3593 408 3670 gnanda
448 3593 702 3673 vulgari
731 3594 1142 3672 responsione
1159 3639 1174 3669 ,
1214 3612 1342 3674 qua
1389 3594 1598 3656 dicere
1628 3610 1724 3654 so-

184 3685 296 3747 lent
320 3687 640 3748 hominem
673 3687 806 3750 sine
839 3688 960 3748 hoc
987 3688 1216 3750 auxilio
1239 3689 1470 3750 efficaci
1489 3687 1724 3748 hahere

191 3780 458 3841 auxilium
487 3781 810 3842 sufficiens
837 3786 910 3842 ut
929 3781 1146 3859 possit,
1184 3799 1313 3842 non
1339 3787 1410 3842 ut
1435 3781 1642 3843 faciat.

258 3874 346 3933 21.
390 3875 766 3954 Hujusmodi
810 3875 980 3935 enim
1011 3873 1206 3936 verba
1248 3881 1312 3936 et
1350 3876 1416 3936 in
1444 3893 1512 3936 se
1537 3891 1728 3953 repu-

193 3967 485 4044 gnantiam
508 3967 858 4042 involvunt,
893 3971 958 4030 et
975 3967 1270 4030 veritates
1296 3967 1467 4043 fidei,
1499 3968 1727 4047 quibus

191 4056 278 4118 illa
329 4059 609 4121 doctrina
662 4060 1094 4141 impugnatur,
1142 4078 1270 4122 non
1325 4060 1648 4122 declarant
1676 4061 1724 4122 ⁵.

193 4152 346 4224 Quod
375 4153 726 4216 ostenditur
766 4155 993 4234 primo,
1032 4153 1179 4233 quia
1203 4155 1368 4216 Deus
1406 4173 1537 4216 non
1569 4173 1727 4234 prte-

192 4246 320 4326 cipit
338 4247 572 4309 homini
612 4251 683 4308 ut
708 4247 907 4327 possit
936 4249 1207 4327 operari,
1243 4248 1358 4310 sed
1399 4253 1467 4310 ut
1507 4265 1730 4328 opere-

193 4345 308 4411 tur;
339 4341 522 4402 debet
550 4359 702 4421 ergo
747 4341 898 4403 dare
923 4341 1224 4403 auxilium
1255 4342 1570 4404 sufficiens
1599 4359 1729 4403 non

192 4439 408 4494 tantum
443 4435 526 4496 ad
554 4453 762 4515 posse,
797 4435 912 4496 sed
951 4435 1138 4496 etiam
1184 4434 1264 4495 ad
1313 4435 1723 4514 operandum.

195 4527 478 4600 Secundo,
511 4528 662 4608 quia
699 4529 867 4590 Deus
897 4546 1024 4589 non
1066 4532 1311 4590 tantum
1338 4527 1470 4589 vult
1514 4534 1583 4589 ut
1617 4529 1730 4589 ho-

193 4637 282 4680 mo
319 4622 508 4699 possit
547 4622 801 4696 salvari,
833 4621 945 4682 sed
975 4625 1044 4684 ut
1083 4621 1292 4682 salvus
1324 4619 1454 4694 fiat,
1484 4625 1552 4682 ut
1575 4622 1730 4682 Pau-

195 4713 278 4772 lus
299 4715 472 4788 dixit;
501 4734 654 4796 ergo
679 4715 764 4776 ad
788 4715 909 4776 hoe
938 4714 1046 4775 dat
1067 4715 1362 4776 auxilium
1390 4715 1724 4776 sufficiens,

194 4805 394 4880 Tertio,
426 4809 574 4888 quia
601 4807 710 4888 qui
743 4825 861 4870 nec
897 4808 1088 4871 habet
1108 4825 1228 4869 nec
1263 4807 1500 4869 habere
1527 4812 1732 4887 potest

267 4997 280 5031 ¹
326 4999 348 5052 1
385 4995 478 5057 Ad
503 4996 775 5058 Timoth.
807 4998 868 5058 2.

267 5090 290 5126 ²
327 5089 504 5151 Conc.
546 5090 744 5166 Trid„
768 5108 922 5152 sese.
951 5091 1012 5166 6,
1045 5110 1100 5153 c.
1129 5095 1201 5154 11
1236 5097 1299 5154 et
1325 5093 1424 5154 13.

266 5181 287 5221 ³
323 5184 410 5244 De
443 5185 588 5258 hoc,
621 5161 894 5263 capfll.

268 5275 288 5314 ⁴
324 5278 460 5338 Hoec
483 5277 642 5339 ratio
668 5277 808 5339 fuse
835 5281 1098 5339 tractata
1140 5281 1235 5338 est
1281 5276 1388 5340 lib.
1433 5279 1492 5350 1,
1521 5294 1660 5356 cap.
1689 5277 1730 5336 9

204 5373 256 5427 et
281 5371 370 5442 12,
405 5377 466 5432 et
490 5370 598 5432 lib.
633 5373 864 5451 3„cap.
898 5373 997 5432 13.

275 5463 298 5500 ⁵
333 5463 420 5525 De
456 5465 576 5526 hac
612 5484 684 5528 re
738 5465 972 5527 dictum
1017 5470 1112 5526 est
1156 5464 1262 5527 lib.
1304 5466 1366 5536 3,
1423 5482 1478 5525 c.
1530 5465 1592 5537 6,
1625 5463 1730 5524 ubi

205 5553 312 5616 late
335 5555 678 5621 declaratur
704 5559 1001 5620 auxilium
1031 5558 1366 5620 sufficiens.

3222 398 3340 467 3Ἷ9

1784 530 1926 593 quae
1964 514 2321 576 necessaria
2350 520 2495 575 sunt
2520 512 2603 573 ad
2636 512 3049 592 operandum,
3089 529 3219 573 non
3246 530 3347 573 so-

1783 606 1916 667 lum
1968 624 2098 667 non
2149 607 2343 668 habet
2390 605 2692 667 auxilium
2722 611 2790 667 ut
2836 605 3043 679 faciat,
3088 604 3199 667 sed
3228 622 3347 667 nec

1785 700 1975 763 etiam
2000 706 2070 761 ut
2094 701 2310 779 possit,
2344 700 2661 761 moraliter
2688 702 2753 761 et
2780 699 3061 779 proxime
3089 698 3349 778 loquen-

1785 793 1898 867 do;
1942 794 2168 873 poterit
2214 794 2473 873 quidem
2529 792 2765 853 habere
2814 794 3188 872 potestatem
3237 790 3350 851 eli-

1787 904 1977 966 quam
2006 890 2335 961 remotam,
2378 892 2440 947 et
2475 884 3039 958 fundamentalem,
3088 902 3161 944 ac
3191 884 3351 963 phy·

1788 981 1980 1042 sicam
2006 1026 2021 1053 ,
2070 980 2323 1059 qualem
2364 980 2557 1042 habet
2608 980 2777 1041 visus
2842 978 2923 1041 ad
2970 976 3348 1049 videndum,

1786 1074 1938 1136 dum
1970 1080 2141 1137 caret
2169 1074 2431 1147 lumine,
2463 1080 2525 1134 et
2552 1073 2723 1135 calor
2749 1072 2830 1134 ad
2860 1070 3354 1133 calefaciendum

1788 1186 2011 1231 carens
2052 1186 2359 1230 concursu
2381 1168 2492 1231 Dei
2519 1188 2535 1241 ;
2563 1174 2779 1230 tamen
2810 1186 2937 1227 non
2966 1160 3221 1227 habebit
3245 1178 3354 1243 po·

1787 1267 2081 1325 testatem
2115 1262 2465 1341 proximam
2500 1269 2565 1323 et
2592 1260 2946 1341 expeditam
2972 1260 3055 1320 ad
3084 1275 3355 1337 operan-

1790 1356 1964 1429 dum,
2003 1356 2089 1417 ita
2118 1360 2189 1416 ut
2228 1374 2374 1416 vere
2410 1354 2529 1417 dici
2560 1353 2757 1435 possit
2779 1354 2971 1413 homo
3018 1352 3249 1413 habere
3288 1350 3355 1411 in

1791 1466 1983 1509 manu
2014 1453 2075 1509 et
2101 1453 2407 1527 potestate
2438 1466 2553 1509 sua
2598 1446 3028 1527 operationem
3058 1461 3355 1524 superna·

1791 1540 2083 1615 turalem,
2127 1558 2319 1620 quam
2360 1542 2601 1612 omisit;
2636 1546 2700 1601 at
2726 1557 2875 1601 vero
2902 1538 3024 1600 hoc
3064 1555 3355 1599 necessa-

1794 1635 1958 1695 rium
2002 1640 2096 1696 est
2151 1641 2220 1696 ut
2259 1633 2496 1695 homini
2536 1634 2731 1714 possit
2762 1631 3053 1712 imputari
3096 1630 3176 1693 ad
3225 1630 3351 1691 cul-

1795 1748 1943 1809 pam
1990 1728 2161 1808 quod
2200 1746 2329 1789 non
2380 1734 2694 1805 operetur.
2746 1728 2822 1787 Et
2866 1727 3007 1787 ideo
3039 1724 3355 1803 Scriptura

1795 1824 1914 1884 hoc
1941 1822 2130 1884 modo
2168 1822 2383 1883 tribuit
2416 1822 2653 1882 homini
2681 1825 3055 1899 potestatem
3088 1834 3357 1896 operan-

1795 1916 1882 1988 di,
1923 1915 2177 1996 quando
2216 1916 2364 1977 dicit
2407 1915 2693 1976 relictum
2722 1931 2859 1974 esse
2894 1913 2959 1972 in
2989 1929 3185 1972 manu
3215 1928 3360 1971 con-

1796 2010 1914 2071 silii
1960 2010 2077 2071 sui.
2106 2008 2429 2081 Quocirca,
2464 2008 2528 2068 in
2558 2026 2633 2069 eo
2675 2024 2865 2067 sensu
2910 2004 3146 2065 habere
3192 2002 3363 2064 suffi-

1795 2102 1968 2165 ciens
1998 2102 2297 2164 auxilium
2326 2108 2393 2163 ut
2420 2100 2640 2182 possit,
2673 2107 2737 2163 et
2764 2117 2891 2161 non
2933 2104 3002 2161 ut
3038 2102 3357 2177 operetur,

1796 2202 2013 2276 aperta
2037 2202 2133 2259 est
2158 2194 2604 2276 repugnantia,
2632 2213 2775 2256 cum
2795 2193 3001 2274 ipsum
3024 2208 3209 2271 posse
3236 2207 3362 2250 non

1797 2290 1878 2351 sit
1917 2289 2035 2351 nisi
2089 2292 2347 2370 propter
2402 2288 2833 2370 operationem
2858 2332 2873 2359 ,
2906 2290 2969 2347 et
3014 2289 3163 2346 tune
3213 2300 3362 2344 vere

1795 2386 1989 2447 homo
2028 2384 2273 2446 dicatur
2308 2401 2517 2463 posse,
2551 2380 2804 2462 quando
2844 2379 2912 2439 in
2956 2396 3070 2439 suo
3108 2374 3363 2439 arbitrio

1800 2484 1864 2541 et
1890 2482 2197 2558 potestate
2228 2478 2418 2538 habet
2441 2473 2895 2556 operationem.

1877 2574 1981 2635 22.
2024 2573 2100 2634 Et
2144 2572 2263 2633 hoc
2294 2590 2483 2633 sensu
2516 2570 2669 2631 dixit
2691 2566 3032 2630 Concilium
3059 2564 3365 2626 Tridenti-

1797 2684 1951 2727 num
1978 2666 2155 2743 (sess.
2182 2666 2241 2739 6,
2274 2683 2331 2725 c.
2361 2666 2460 2743 11)
2489 2666 2691 2725 Deum
2720 2680 2847 2722 non
2880 2659 3219 2740 praeciperc
3252 2658 3365 2717 im·

1799 2759 2133 2840 possibile,
2164 2760 2272 2822 sed
2309 2758 2569 2837 jubendo
2613 2754 2889 2834 (inquit)
2936 2756 3135 2821 monet,
3168 2754 3367 2831 facere

1799 2854 1958 2935 quod
1997 2854 2221 2937 possis,
2266 2856 2325 2915 et
2353 2856 2553 2935 petere
2589 2849 2747 2931 quod
2776 2864 2897 2910 non
2918 2844 3143 2928 possis.
3174 2846 3233 2907 et
3259 2842 3369 2909 ad-

1787 2948 1976 3027 juvat
2000 2952 2072 3009 ut
2091 2946 2319 3029 possis.

1886 3040 1985 3101 23.
2028 3041 2243 3120 Neque
2284 3038 2389 3100 illa
2415 3036 2726 3099 distinctio
2756 3036 2820 3097 in
2860 3034 3071 3115 aliquo
3106 3034 3369 3096 Sancto-

1801 3151 1945 3196 rum
1992 3135 2245 3194 Patrum
2281 3133 2382 3194 vel
2437 3129 2840 3211 antiquorum
2877 3128 3364 3208 Theologorum,

1801 3227 2171 3306 reperietur.
2200 3225 2362 3287 Dixit
2394 3225 2651 3305 quidem
2696 3221 3035 3303 aliquando
3070 3219 3367 3299 Augusti-

1801 3339 1924 3382 nus
1950 3320 2153 3400 primo
2181 3319 2418 3381 homini
2450 3317 2667 3379 datum
2697 3333 2835 3377 esse
2865 3321 2935 3375 ut
2961 3329 3366 3395 perseverare

1803 3419 2036 3495 posset,
2068 3431 2197 3474 non
2245 3429 2394 3474 vero
2444 3415 2514 3472 ut
2554 3413 2987 3491 perseveraret
3010 3427 3027 3481 ς
3054 3423 3225 3468 nunc
3258 3397 3372 3466 au-

1800 3511 1933 3568 tem
1978 3504 2113 3566 dari
2164 3504 2377 3566 electis
2419 3522 2549 3565 non
2585 3507 2829 3564 tantum
2868 3507 2937 3562 ut
2963 3500 3227 3580 possint,
3259 3497 3373 3570 sed

1805 3599 1996 3662 etiam
2029 3603 2098 3658 ut
2138 3603 2563 3678 perseverent.
2596 3597 2807 3675 Longe
2848 3600 3062 3655 tamen
3108 3589 3230 3652 alia
3280 3594 3374 3650 est

1808 3692 2138 3772 Augustini
2175 3708 2393 3762 mens;
2426 3707 2553 3751 non
2602 3689 2770 3750 enim
2810 3693 3027 3766 negat,
3058 3683 3169 3746 sed
3210 3683 3375 3744 affir-

1805 3792 1940 3848 mat
1964 3785 2195 3866 potius,
2214 3783 2537 3858 auxilium,
2561 3782 2779 3844 datum
2803 3780 2976 3854 Adae,
2999 3777 3191 3841 fuisse
3208 3775 3377 3838 suffi-

1808 3879 2003 3952 ciens,
2048 3896 2177 3940 non
2204 3882 2451 3939 tantum
2500 3875 2583 3938 ad
2631 3891 2817 3955 posse
2844 3918 2859 3947 ,
2901 3872 3014 3934 sed
3061 3871 3251 3932 etiam
3292 3867 3374 3929 ad

1808 3971 2367 4052 perseverandum,
2416 3970 2469 4030 si
2512 3967 2718 4030 vellet.
2747 3967 2905 4028 Nam
2932 3983 3175 4038 revera,
3215 3963 3377 4026 sicut

1809 4083 1940 4126 non
1968 4082 2254 4144 peccare,
2283 4063 2370 4124 ita
2400 4069 2462 4124 et
2488 4077 2893 4142 perseverare
2939 4056 3059 4120 fuit
3084 4057 3149 4118 in
3178 4074 3374 4117 manu

1811 4165 1875 4220 et
1901 4162 2209 4238 potestate
2239 4157 2415 4236 ejus;
2444 4161 2678 4227 tamen,
2712 4151 2859 4232 quia
2887 4169 3015 4213 non
3044 4155 3138 4212 est
3156 4151 3375 4215 datum

1811 4252 1868 4314 ei
1896 4249 2053 4313 illud
2088 4249 2389 4312 auxilium
2416 4266 2493 4308 eo
2523 4253 2805 4326 tempore
2834 4249 2898 4306 et
2922 4242 3111 4305 modo
3142 4261 3269 4323 quo
3294 4242 3375 4304 de

1808 4345 1973 4406 facto
1999 4363 2147 4406 cum
2188 4343 2291 4404 illo
2324 4347 2459 4404 erat
2486 4341 3023 4420 perseveraturus,
3056 4337 3201 4399 licet
3224 4353 3375 4397 vere

1809 4442 2043 4518 posset,
2078 4436 2219 4498 ideo
2250 4436 2337 4498 ait
2370 4434 2755 4514 Augustinus
2783 4449 2913 4493 non
2956 4449 3095 4492 esse
3136 4428 3222 4490 illi
3270 4429 3378 4490 da-

1807 4535 1945 4593 tum
1984 4536 2056 4593 ut
2093 4533 2567 4610 perseveraret,
2598 4525 2837 4588 scilicet
2878 4525 2958 4586 de
3005 4524 3170 4585 facto
3200 4529 3263 4584 et
3284 4521 3377 4585 in·

1809 4623 2167 4698 fauibiliter,
2201 4641 2280 4684 ex
2324 4619 2713 4701 praescientia
2756 4625 2820 4680 et
2864 4617 3210 4679 intentione
3240 4613 3372 4688 Dei,

1811 4714 2129 4796 quomodo
2183 4715 2367 4777 datur
2416 4732 2587 4774 nunc
2634 4711 2849 4774 electis
2904 4709 3201 4771 auxilium
3251 4726 3377 4788 quo

1811 4815 2239 4891 perseverent.
2285 4815 2355 4870 ut
2401 4826 2549 4869 mox
2595 4807 2901 4868 dicemus.
2932 4805 3112 4878 Quod
3166 4807 3377 4865 autem

1813 4903 2015 4966 Adam
2043 4920 2189 4964 cum
2220 4901 2325 4965 illo
2355 4901 2585 4963 auxilio
2628 4919 2759 4961 non
2804 4899 2991 4960 fuerit
3020 4914 3380 4978 persevera-

1809 5002 2009 5071 turus,
2037 5014 2164 5056 non
2187 4995 2305 5057 fuit
2330 4995 2478 5074 quia
2507 4993 2809 5055 auxilium
2851 5009 2929 5054 ex
2958 5009 3027 5052 sc
3054 5009 3181 5051 non
3212 4991 3381 5050 esset

1811 5087 2133 5168 sufficiens
2162 5088 2245 5148 ad
2276 5085 2835 5167 perseverandum,
2880 5103 2999 5146 nec
3034 5083 3180 5162 quia
3208 5079 3380 5142 aliud

1808 5181 2016 5266 majus
2064 5181 2459 5261 praeveniens
2506 5183 2675 5241 esset
2736 5175 3163 5240 necessarium
3192 5220 3208 5246 ,
3266 5171 3380 5234 sed

1812 5276 1959 5354 quia
1990 5273 2357 5354 ipseAdam
2396 5291 2474 5335 ex
2502 5290 2616 5333 suo
2647 5270 2901 5332 arbitrio
2934 5269 3133 5330 noluit
3156 5265 3241 5328 illi
3270 5284 3378 5327 au-

1810 5368 1957 5430 xilio
1982 5367 2329 5447 cooperari.
2362 5369 2680 5446 (August,
2714 5361 2793 5425 de
2820 5363 3076 5441 Corrept
3102 5365 3163 5422 et
3188 5363 3375 5438 grat„

1813 5481 1953 5542 cap.
2008 5463 2219 5536 12,···et
2261 5460 2371 5521 lib.
2406 5460 2487 5521 de
2533 5460 2751 5520 Natur.
2802 5461 2866 5516 et
2914 5455 3099 5535 grat„
3156 5471 3209 5513 c.
3258 5451 3372 5523 483
3476 5467 3483 5474 ·

1813 5557 1885 5616 D.
1911 5554 2132 5615 Thom.
2170 5557 2226 5614 1.
2258 5553 2321 5628 2,
2355 5569 2419 5632 q.
2448 5553 2585 5626 109,
2618 5554 2736 5611 art.
2770 5551 2868 5622 10,
2902 5545 2983 5608 ad
3013 5547 3117 5625 3.)
3176 5621 3188 5632 ·
