3850 6225
881 681 1772 813 OPUSCULUM
1870 677 2631 826 QUARTUM.

1221 1236 1660 1314 RELECTIO
1709 1234 2279 1311 THEOLOGICA

175 1641 1198 1847 LIBERTATE
1311 1661 2502 1846 VOLUNTATIS
2626 1659 3351 1842 DIVINAE

1224 1997 1324 2081 IN
1383 1995 1971 2082 ACTIONIBUS
2029 1995 2272 2095 SUIS‚

248 2260 302 2304 lx
341 2261 524 2307 1001}ss
565 2261 738 2308 PAULI
778 2261 858 2308 Ao
897 2261 1106 2306 muns,
1153 2260 1176 2304 1
1207 2265 1223 2304 :
1268 2259 1368 2313 0111
1409 2258 1721 2305 oPnMTua
1759 2258 1947 2306 mmm
1989 2257 2301 2306 smmum(
2340 2257 2654 2306 consumat
2692 2259 3063 2306 vomunns
3104 2258 3253 2304 SUAE.

237 2761 288 2817 ¹.
329 2759 404 2822 Ut
441 2758 822 2838 'theologica
875 2755 1210 2836 disputatio
1260 2763 1324 2819 et
1366 2757 1706 2837 jucundior

169 2849 233 2909 sit
261 2855 316 2911 et
339 2852 594 2926 facilior,
627 2839 834 2932 operae
855 2850 1128 2931 pretium
1151 2850 1296 2910 duxi
1331 2851 1560 2912 camin
1585 2857 1705 2912 tes-

169 2944 395 3008 timonio
442 2948 617 3009 Pauli
651 2947 938 3020 fundare,
985 2945 1066 3005 ad
1111 2944 1340 3024 Ephes,
1391 2949 1448 3018 l,
1480 2947 1585 3006 ubi
1624 2945 1702 3008 de

169 3035 276 3096 Deo
307 3039 445 3102 dicit
471 3040 720 3121 operari
759 3037 969 3100 omnia
1004 3037 1350 3099 secundum
1376 3037 1702 3099 consilium

168 3130 470 3195 voluntatis
499 3152 654 3195 suae.
691 3134 762 3195 In
791 3133 950 3194 duas
971 3132 1154 3212 igitur
1183 3132 1560 3211 principales
1583 3132 1705 3192 dis-

165 3226 490 3299 putationes
577 3233 958 3307 praesentem
1027 3225 1426 3287 relectionem
1499 3226 1704 3286 distri-

165 3315 353 3377 huam.
383 3320 452 3379 In
477 3320 698 3400 priori,
729 3319 1060 3379 litteralem
1091 3336 1346 3379 sensum
1367 3318 1704 3380 verborum

167 3408 316 3469 Pauli
347 3413 656 3492 attingere
697 3412 995 3484 conabor,
1044 3411 1356 3489 simulque
1401 3412 1704 3473 nonnulla

163 3502 436 3583 principia
477 3505 654 3581 fidei,
704 3510 768 3566 et
812 3504 1222 3584 Theologicas
1273 3505 1705 3566 conclusiones

163 3610 284 3671 quoe
299 3596 360 3657 in
380 3598 466 3659 eis
489 3598 744 3659 fundari
771 3603 1055 3677 possunt,
1087 3597 1362 3658 breviter
1386 3598 1699 3659 indicabo.

165 3687 224 3745 In
247 3690 563 3766 posteriori
588 3697 808 3752 autem
832 3697 1009 3771 parte
1035 3690 1113 3751 de
1141 3708 1210 3750 re
1243 3692 1561 3769 proposita
1584 3691 1705 3752 dis-

163 3782 370 3857 putabo
392 3828 408 3856 ,
460 3802 684 3845 veram
741 3781 878 3863 ejus
929 3782 1316 3844 decisionem
1367 3800 1445 3843 ex
1496 3782 1703 3845 verbis

165 3871 314 3934 Pauli
343 3875 672 3938 eliciendo,

530 4076 989 4140 DISPUTATIO
1032 4074 1294 4137 PRIMA.

157 4244 224 4303 'DE
257 4262 403 4309 nno
443 4264 631 4311 smsu
671 4263 857 4309 lmus
897 4260 1246 4308 snmzmffl
1285 4260 1498 4307 mnu:
1555 4260 1702 4307 DBUS

225 4354 523 4402 ornn'run
567 4356 754 4403 emm
803 4354 1110 4402 SECUNDUM
1137 4352 1444 4401 consmuu
1477 4351 1700 4399 voum·

223 4444 385 4492 TATIS
427 4448 580 4494 SUAE.

222 4614 286 4673 In
312 4616 426 4677 hac
454 4616 736 4697 Apostoli
762 4616 1094 4689 sententia,
1125 4615 1308 4694 plura
1337 4614 1402 4675 in
1427 4614 1697 4677 Theolo-

155 4705 244 4782 gia
291 4706 535 4770 fundari
585 4716 872 4790 possunt,
919 4709 971 4769 si
1025 4709 1163 4789 ejus
1211 4707 1458 4788 singula
1505 4708 1698 4770 verba

155 4806 350 4862 exacte
382 4803 763 4883 pendantur,
793 4809 857 4864 et
883 4820 1069 4863 verus
1099 4802 1262 4862 illius
1303 4820 1528 4862 sensus
1556 4818 1698 4882 per-

153 4890 413 4969 cipiatur.
447 4896 522 4957 Et
545 4896 690 4957 ideo
717 4896 892 4975 prius
919 4892 1253 4957 litteralem
1276 4894 1414 4973 ejus
1441 4911 1698 4954 sensum

151 4982 526 5063 inquirimus,
559 4989 788 5052 deinde
811 4988 1109 5050 veritates
1137 4988 1224 5049 ibi
1251 4987 1699 5049 contentasin-

151 5074 500 5143 dicabimus.

683 5210 902 5265 SECTIO
935 5210 1144 5265 PRfflA.

152 5351 258 5395 Qum
285 5356 672 5397 ainummvnn·
705 5358 891 5397 nutus
925 5356 1096 5396 metm
1135 5358 1272 5397 ΒΕΠΙ
1305 5356 1513 5395 ῦΡΙΙΑΙΙ
1541 5356 1694 5395 OUMA

391 5432 648 5471 SECUNDU!
680 5432 944 5472 colun-101
975 5433 1278 5473 vomituris
1307 5433 1431 5471 SUB·

225 5544 281 5605 2.
326 5546 418 5607 Ad
443 5548 716 5629 priorem
759 5549 948 5630 igitur
987 5556 1230 5631 partem
1276 5549 1692 5623 deveniend0‚

1785 2774 1931 2817 cum
1960 2755 2211 2831 Paulus,
2244 2757 2324 2818 ad
2351 2758 2577 2836 Ephes.
2614 2763 2672 2831 1,
2703 2759 2938 2838 gratias
2974 2759 3100 2820 Deo
3132 2763 3351 2837 ageret

1785 2868 1898 2929 pro
1952 2849 2275 2911 beneficiis
2331 2853 2549 2931 generi
2598 2853 2878 2913 humano
2930 2853 3167 2913 collatis
3238 2869 3353 2929 per

1782 2943 2094 3005 Christum
2129 2949 2191 3004 et
2241 2945 2305 3004 in
2343 2943 2581 3006 Christo
2622 2944 2885 3006 Domino
2914 2950 3151 3017 nostr0,
3184 2943 3351 3004 inter

1785 3053 1860 3095 ea
1887 3035 2196 3096 beneficia
2234 3037 2434 3117 primo
2462 3037 2599 3098 loco
2642 3044 2935 3098 numerat
2981 3035 3351 3098 electionem

1787 3136 1850 3191 et
1893 3129 2506 3208 praedestinationem
2556 3131 2915 3193 hominum:
2970 3131 3183 3212 Elegit
3232 3130 3351 3207 (in-

1785 3222 1941 3302 quit)
1971 3240 2079 3285 nos
2120 3225 2189 3285 in
2215 3222 2371 3305 ipsa,
2403 3230 2461 3287 et
2496 3225 2961 3306 praedestinavit
2991 3242 3099 3288 nos
3140 3240 3353 3287 secun-

1784 3316 1924 3377 dum
1942 3317 2323 3401 propositum
2349 3317 2684 3381 voluntatis
2713 3337 2859 3381 θυαε.
2912 3318 3147 3380 Deinde
3196 3334 3344 3377 vero

1785 3410 1961 3487 ponit
1989 3411 2350 3489 generalem
2378 3411 2638 3473 modum
2676 3418 2737 3473 et
2761 3414 3191 3474 executionem
3236 3412 3350 3471 hu-

1779 3501 1884 3582 jus
1912 3504 2503 3582 praedestinationis,
2534 3504 2781 3567 dicens:
2820 3507 2905 3568 In
2928 3524 3040 3588 quo
3074 3506 3350 3569 habemus

1784 3596 2241 3677 redemptionem
2287 3616 2399 3677 per
2426 3598 2780 3683 sanquinem
2832 3600 2987 3677 ejvs,
3027 3605 3097 3662 ut
3142 3604 3351 3661 notum

1781 3694 2009 3767 faceret
2034 3690 2205 3753 nobis
2231 3698 2679 3755 sacramentum
2717 3691 3053 3755 voluntatis
3079 3709 3230 3755 sace.
3263 3693 3351 3752 Ac

1783 3782 2043 3844 tandem
2061 3784 2223 3845 hanc
2243 3786 2605 3865 generalem
2630 3786 2740 3846 Dei
2763 3786 3240 3847 beneficentiam
3269 3784 3352 3846 ad

1783 3892 1965 3937 suam
1997 3877 2376 3956 singularem
2410 3879 2803 3939 vocationem
2843 3885 2904 3939 et
2943 3878 3351 3957 praedestina-

1779 3967 2019 4029 tionem
2066 3970 2521 4045 accommodat,
2566 3970 2783 4049 dicens
2818 3990 2831 4031 ε
2877 3973 2962 4034 In
3002 3989 3114 4053 quo
3154 3976 3214 4033 et
3243 3988 3351 4034 nos

1778 4066 1941 4123 sorte
1996 4062 2197 4126 vocati
2248 4080 2459 4125 mmm
2484 4109 2500 4137 ,
2548 4065 2976 4145 praedestinati
3028 4065 3351 4128 secundum

1773 4153 2153 4235 propositum
2175 4155 2331 4234 ejus,
2359 4157 2463 4236 qui
2490 4162 2779 4237 operatur
2804 4158 3007 4219 omnia
3028 4158 3347 4220 secundum

1781 4246 2103 4309 consilium
2144 4248 2481 4313 voluntatis
2508 4266 2657 4311 Μ.
2690 4250 2828 4310 Non
2864 4266 3200 4327 possumus
3238 4266 3351 4311 au·

1778 4344 1908 4401 tem
1938 4358 2109 4401 nunc
2147 4340 2386 4421 digredi
2415 4342 2496 4403 ad
2525 4342 2893 4422 explicanda
2930 4342 3141 4403 omnia
3176 4360 3350 4427 mys·

1775 4432 1938 4494 teria
1966 4451 2105 4513 quae
2132 4434 2197 4494 in
2239 4434 2359 4496 hoc
2394 4434 2682 4496 discursu
2720 4436 2895 4496 Pauli
2924 4436 3347 4510 continentur,

1776 4531 1910 4586 tum
1962 4525 2109 4605 quia
2174 4526 2557 4605 impossibile
2608 4535 2775 4590 esset
2840 4528 3014 4589 brevi
3065 4535 3349 4608 tempore

1780 4620 1995 4680 omnia
2015 4620 2365 4701 complecti,
2390 4626 2527 4682 tum
2542 4621 2691 4701 quia
2715 4620 2901 4683 etiam
2931 4627 3099 4683 esset
3125 4640 3163 4682 a
3192 4639 3352 4700 prae·

1779 4712 1941 4774 senti
1960 4712 2237 4774 instituto
2264 4713 2579 4787 alienum,;
2604 4713 2807 4774 solum
2836 4714 3005 4775 enim
3038 4714 3349 4793 explicare

1779 4805 2163 4866 intendimus
2204 4805 2558 4868 libertatem
2601 4825 2793 4887 quam
2820 4806 3031 4868 divina
3059 4808 3349 4869 voluntas

1779 4897 1975 4959 hahet
2018 4898 2083 4958 in
2121 4888 2474 4979 operando,
2517 4900 2779 4980 ejusque
2814 4900 3115 4974 radicem,
3157 4920 3349 4979 quam

1780 4990 2011 5053 Paulus
2065 4992 2254 5054 etiam
2302 4994 2390 5054 ait
2448 5012 2587 5055 esse
2642 4994 2949 5075 originem
3004 4994 3346 5075 electioniS‚

1777 5084 2368 5164 praedestinationiS,
2398 5092 2460 5148 et
2489 5087 2708 5148 salutis
2732 5086 3013 5147 omnium
3037 5093 3344 5161 nostrum,

1771 5178 1953 5256 juxta
1980 5178 2308 5239 consilium
2337 5184 2553 5241 tamen
2578 5180 2917 5241 voluntatis
2956 5198 3105 5242 suae.
3139 5183 3343 5259 Atque

1775 5269 1918 5331 ideo
1950 5272 2154 5333 solum
2196 5272 2520 5353 explicabo
2565 5274 2717 5351 quid
2756 5273 2833 5335 sit
2859 5273 3057 5335 Deum
3098 5272 3348 5352 operari

1775 5364 1989 5425 omnia
2031 5365 2380 5426 secundum
2429 5366 2759 5427 consilium
2802 5364 3139 5426 voluntatis
3189 5382 3346 5438 suae,

1776 5457 2005 5536 quidve
2034 5460 2097 5519 D.
2127 5457 2357 5519 Paulus
2382 5458 2479 5520 his
2507 5458 2715 5520 verbis
2742 5458 2821 5518 ad
2851 5457 3121 5520 litteram
3160 5456 3346 5518 intcl-

1775 5550 1951 5613 lectis
1980 5570 2095 5613 nos
2120 5553 2347 5616 docere
2376 5552 2659 5613 voluerit.
