3850 6225
531 381 646 440 108

527 487 826 546 fluentem
879 480 1169 560 recipiat,
1219 485 1290 540 ut
1343 479 1616 558 perfecte
1677 479 2087 557 compleatur.

527 578 674 650 Sed,
689 576 752 652 ,si
777 577 912 636 hoec
937 574 1093 635 ratio
1123 578 1288 634 esset
1315 572 1580 652 alicujus
1609 573 1934 643 momenti,
1964 589 2091 631 non

528 671 732 732 solum
761 668 824 734 iu
851 668 1090 728 actibus
1125 665 1364 745 gratim,
1394 664 1506 726 sed
1531 665 1720 725 etiam
1747 665 1812 724 in
1850 665 2093 725 actibus

527 761 939 835 naturalibus,
981 759 1276 840 probaret
1308 757 1650 836 potentiam
1689 775 1832 818 cum
1873 756 2093 817 habitu

529 875 657 918 non
675 853 908 914 habere
937 852 1348 912 sufficientem
1371 851 1494 910 vim
1515 850 1598 910 ad
1617 850 2095 911 connaturalem

529 956 762 1020 actum,
791 964 936 1006 cum
969 952 1180 1006 tamen
1209 963 1428 1004 omnes
1467 944 1824 1023 Philosophi
1858 944 2091 1016 dicant,

475 1052 486 1062 ·
529 1061 658 1103 non
709 1040 910 1102 solum
944 1038 1380 1108 sufficientem,
1433 1037 1546 1098 sed
1595 1033 1782 1098 etiam
1837 1055 2095 1115 supera-

527 1135 913 1196 bundantem
943 1134 1066 1190 vim
1106 1131 1376 1200 habere:
1424 1136 1483 1192 ct
1513 1130 1654 1190 ideo
1687 1147 1818 1190 non
1849 1135 2095 1191 tantum

531 1245 747 1308 posse,
803 1225 913 1286 sed
976 1225 1164 1286 etiam
1217 1223 1479 1284 faciliter
1533 1229 1596 1284 et
1645 1223 2097 1283 delectabiliter

531 1339 714 1401 posse
763 1337 948 1380 suum
990 1325 1198 1378 actum
1269 1335 1582 1378 exercere.
1631 1315 1866 1376 Deinde
1931 1315 2095 1375 idem

531 1415 866 1478 dicendum
898 1419 1061 1472 esset
1091 1411 1166 1472 de
1208 1411 1484 1490 qualibet
1511 1411 1570 1470 vi
1601 1410 1797 1470 activa
1827 1408 2099 1470 naturali

538 1506 939 1585 quantumvis
969 1505 1266 1584 perfecta,
1287 1503 1457 1584 quod
1477 1503 1568 1580 (ut
1595 1501 1898 1582 existimo)
1923 1521 2100 1580 aper-

534 1602 611 1662 tis
662 1599 1006 1660 rationibus
1063 1597 1310 1658 ostendi
1355 1597 1582 1656 falsum
1631 1614 1791 1668 esse,
1825 1595 1886 1654 in
1940 1595 2098 1654 libro

532 1694 756 1774 primo.
788 1691 1068 1752 Tandem
1099 1692 1265 1752 idem
1303 1690 1636 1751 dicendum
1677 1694 1842 1750 esset
1869 1688 1949 1749 de
1994 1685 2100 1746 illa

533 1787 830 1867 qualitate
862 1787 1118 1856 fluente,
1149 1804 1340 1864 quam
1368 1785 1470 1844 alii
1501 1785 1784 1864 fingunt3
1817 1801 1969 1842 nam
1995 1782 2101 1842 illa

533 1881 798 1960 qualitas
846 1897 976 1939 nou
1011 1885 1103 1938 est
1151 1884 1326 1939 actus
1369 1878 1506 1938 vitae
1549 1878 1629 1936 ah
1673 1877 1883 1936 anima
1935 1874 2099 1935 elici-

534 1981 654 2048 tus,
687 1981 756 2034 ut
785 1972 899 2051 ipsi
937 1972 1122 2032 etiam
1143 1972 1439 2043 fatentur,
1471 1971 1582 2030 sed
1605 1977 1697 2030 est
1731 1989 1768 2028 a
1805 1969 1939 2028 solo
1968 1969 2095 2028 Deo

533 2066 868 2146 praeinfusa
899 2066 1115 2126 ordine
1161 2070 1397 2124 naturae
1441 2063 1522 2123 ad
1568 2062 1941 2122 eliciendum
1990 2080 2095 2122 ac-

533 2167 695 2232 tum3
751 2177 900 2236 ergo
945 2158 1048 2218 illa
1093 2159 1280 2218 etiam
1327 2161 1724 2235 comparatur
1771 2156 1852 2215 ad
1901 2155 2094 2216 actio-

535 2273 712 2326 nem,
769 2260 836 2314 ut
890 2254 1126 2331 primus
1177 2257 1351 2311 actus
1387 2250 1468 2309 ad
1507 2249 1887 2320 secuudum
1936 2255 1993 2308 et
2033 2248 2093 2306 in

537 2349 655 2408 hoc
695 2353 790 2408 est
813 2346 1018 2406 minus
1057 2344 1357 2423 perfecta,
1387 2343 1556 2422 quod
1601 2361 1727 2402 non
1779 2340 2097 2402 constituit

533 2442 877 2502 formaliter
903 2441 1242 2520 potentiam
1275 2438 1338 2498 in
1367 2438 1582 2498 ultimo
1609 2443 1776 2503 actu,
1812 2437 1970 2497 sicut
1994 2455 2098 2496 ac-

535 2536 619 2596 tio
649 2535 782 2614 ipsa
815 2553 932 2594 seu
962 2539 1138 2594 actus
1183 2531 1532 2604 sccundus,
1569 2531 1684 2592 erit
1715 2549 1864 2610 ergo
1909 2530 2097 2590 etiam

537 2629 640 2689 illa
663 2627 1040 2706 incompleta
1069 2625 1285 2698 virtuS,
1323 2631 1384 2684 et
1419 2623 1720 2702 indigebit
1757 2624 1879 2684 alio
1927 2640 2098 2683 com-

536 2722 876 2802 plemento,
901 2724 962 2781 et
987 2720 1076 2782 sic
1099 2719 1474 2798 procedetur
1496 2718 1558 2776 in
1583 2717 1888 2777 infinitum
1909 2736 1924 2788 ;
1953 2716 2097 2794 quia

535 2833 784 2894 semper
810 2814 961 2874 illud
989 2813 1520 2892 complementum
1544 2817 1638 2871 est
1652 2817 1893 2871 tantum
1924 2816 2099 2870 actus

536 2909 796 2987 primus.
849 2907 1027 2979 Quod
1076 2907 1126 2966 si
1177 2907 1438 2966 fortasse
1491 2903 1838 2964 differentia
1869 2903 2099 2963 consti-

535 3009 748 3064 tuatur
795 3002 959 3062 inter
1008 3001 1292 3062 habiturn
1347 3003 1408 3060 et
1461 2998 1630 3059 illam
1689 2998 2095 3075 qualitatem,

533 3095 704 3176 quod
744 3094 992 3157 habitus
1037 3099 1128 3155 est
1171 3091 1536 3173 separabilis
1569 3091 1647 3151 ab
1685 3095 1828 3151 actu
1877 3107 2100 3151 secun-

535 3190 640 3265 d0,
679 3207 807 3249 non
837 3206 984 3248 vero
1019 3188 1151 3247 haec
1183 3187 1452 3265 qualitas
1483 3187 1706 3256 ssuenS,
1739 3185 1856 3245 hoc
1888 3183 2099 3261 impri-

535 3283 652 3343 mis
677 3279 837 3342 nihil
858 3281 1068 3360 juvat3
1102 3296 1248 3339 nam
1287 3278 1784 3357 inseparabilitas
1811 3294 1939 3337 non
1982 3276 2100 3337 tol-

533 3377 604 3437 lit
643 3374 816 3435 illam
855 3373 1270 3433 differentiam
1301 3372 1461 3431 inter
1490 3376 1695 3431 actum
1727 3370 1997 3448 primum
2037 3372 2099 3427 et

531 3468 920 3541 secundum3
966 3467 1124 3527 sicut
1173 3466 1390 3525 lumen
1427 3464 1637 3544 gloriae
1665 3464 1854 3524 habet
1905 3463 2095 3523 etiam

540 3560 1020 3640 inseparabilem
1049 3557 1392 3630 visionem3
1426 3565 1487 3618 et
1515 3558 1782 3619 charitas
1819 3557 1904 3617 illi
1946 3576 2097 3617 con-

523 3656 744 3735 juncta
785 3653 976 3713 habet
1009 3652 1494 3729 inseparabilem
1531 3669 1846 3722 amorem;
1895 3653 1958 3711 et
2000 3649 2095 3709 ni-

531 3746 870 3808 hilominus
895 3752 1042 3806 sunt
1069 3751 1243 3805 actus
1277 3744 1480 3824 primi,
1513 3744 1672 3805 adeo
1709 3749 1773 3804 ut
1805 3744 1995 3803 etiam
2032 3742 2093 3801 in

533 3840 652 3901 illis
713 3840 810 3899 isti
881 3836 1184 3916 Theologi
1233 3838 1689 3915 praerequirant
1737 3836 2095 3915 praedictam

532 3932 898 4011 qualitatem
927 3930 1250 4002 fluentem,
1281 3930 1451 4008 quod
1482 3934 1574 3990 est
1612 3929 1744 3989 sine
1783 3928 1973 3988 dubio
2011 3928 2096 3987 ri·-

531 4026 828 4087 diculum.
864 4024 1188 4098 Quocirca,
1223 4042 1298 4084 ex
1343 4023 1448 4084 illa
1495 4022 1846 4083 differentia
1891 4021 2095 4082 solum

529 4118 828 4197 sequitur,
880 4118 1049 4177 illam
1108 4116 1474 4196 qualitatem
1524 4134 1661 4177 esse
1716 4120 1924 4176 actum
1972 4115 2095 4194 pri-

527 4230 702 4272 mum
729 4210 1099 4272 naturaliter
1137 4216 1430 4290 agentem
1471 4214 1644 4270 tanta
1691 4208 2090 4282 necessitate,

525 4310 596 4365 ut
622 4304 1005 4364 voluntatem
1037 4303 1222 4363 etiam
1257 4322 1470 4363 secum
1511 4302 1745 4381 rapiat;
1775 4302 1894 4361 hoc
1923 4302 2093 4361 enim

527 4396 702 4475 sequi
725 4414 800 4457 ex
828 4396 934 4457 illa
959 4396 1290 4475 positione,
1323 4404 1384 4458 et
1415 4402 1875 4475 consequenter
1904 4395 2093 4455 etiam

528 4490 656 4550 tolli
691 4488 960 4549 liberum
994 4489 1299 4568 operandi
1335 4507 1542 4561 usum,
1571 4488 1681 4549 lib.
1727 4492 1786 4561 1,
1813 4506 1951 4566 cap.
1998 4488 2090 4561 10,

527 4589 848 4643 ostensum
887 4588 1016 4653 est;
1067 4588 1129 4643 et
1157 4582 1382 4643 iterum
1425 4582 1583 4643 iufra
1626 4581 1906 4661 probabo
1952 4599 2087 4658 cap.

529 4678 604 4737 12
631 4681 694 4735 et
729 4676 822 4735 ¹3.
851 4673 962 4737 Illa
995 4692 1144 4753 ergo
1172 4676 1512 4735 necessitas
1545 4676 1732 4753 hujus
1775 4673 2095 4753 qualitatis

525 4767 696 4827 nulla
735 4772 864 4835 cst-3
901 4767 1052 4845 quia
1097 4772 1274 4831 actus
1321 4766 1560 4846 primus
1594 4766 1953 4844 simpliciter
2000 4772 2095 4826 est

528 4859 860 4938 perfectior
889 4860 1185 4934 secunde,
1221 4860 1392 4937 quod
1421 4860 1497 4919 dc
1529 4860 1845 4919 habitibus
1869 4858 2090 4919 infusis

527 4954 918 5031 frequentius
968 4954 1196 5014 docent
1241 4954 1577 5033 Theologi;
1623 4952 1770 5031 quia
1821 4970 1947 5013 non
1996 4971 2097 5013 so·-

528 5047 658 5107 lum
690 5045 840 5106 dant
882 5045 1123 5107 facilius
1177 5047 1444 5125 operari,
1477 5046 1590 5106 sed
1629 5047 1816 5107 etiam
1861 5045 2094 5124 simpli-

525 5140 678 5200 citer
713 5156 933 5217 posse;
981 5147 1158 5201 actus
1199 5158 1344 5201 vero
1385 5138 1699 5200 secundus
1747 5139 1949 5199 solum
1999 5157 2093 5198 se-

520 5232 798 5294 cundum
827 5235 980 5313 quid
1007 5236 1235 5296 dicitur
1267 5234 1619 5314 perfectior,
1663 5232 1808 5313 quia
1861 5238 1959 5293 est
1997 5232 2089 5293 ul-

517 5326 728 5398 timuS,
759 5332 822 5389 et
850 5347 977 5389 non
1009 5328 1302 5405 relinquit
1327 5327 1688 5388 ulteriorem
1717 5326 2082 5405 potentiam.

517 5420 682 5481 Nihil
711 5426 932 5483 autem
971 5422 1173 5483 obstat
1221 5421 1554 5499 quominus
1595 5420 1766 5498 quod
1809 5425 1902 5479 est
1946 5418 2091 5479 sim-

518 5513 764 5591 pliciter
789 5514 1149 5593 perfectiuS,
1189 5514 1414 5575 efficiat
1461 5514 1524 5573 id
1575 5513 1746 5592 quod
1805 5512 2089 5574 absolute

1363 379 1574 434 OPUSC.
1611 379 1648 438 1,
1685 379 1798 430 LIB.
1839 379 1920 431 111.
1957 379 2037 430 DE
2072 375 2343 428 AUXlLllS
2374 375 2607 427 mvmAE
2638 332 2924 428 ὓΒΑΤΙᾸ-Ζ..

2174 476 2433 537 inferius
2464 484 2579 548 est,
2610 477 2897 555 quamvis
2916 477 3263 540 secundum
3278 480 3433 557 quid
3453 478 3703 540 videatur

2176 569 2522 631 excedere:
2555 570 2901 650 praesertim
2946 571 3095 650 quia
3138 570 3237 632 ille
3278 591 3589 644 excessua,
3620 575 3701 651 qui

2176 681 2313 724 esse
2341 663 2587 725 videtur
2610 664 2675 723 in
2696 669 2839 724 actu
2858 664 3159 739 secundo,
3192 665 3401 743 potius
3426 670 3607 726 estex
3630 667 3701 724 his

2178 774 2319 834 quoe
2349 756 2663 835 supponit,
2693 775 2885 837 quam
2914 775 2991 816 ex
3010 775 3085 818 eo
3114 758 3285 837 quod
3314 758 3449 838 ipse
3478 758 3631 818 solus
3656 761 3702 818 in

2178 849 2455 927 potentia
2482 849 2676 928 ponit.
2708 849 2843 910 Alia
2872 867 3013 927 quae
3059 851 3159 910 bic
3190 851 3311 912 dici
3334 858 3603 929 possent,
3644 854 3703 911 ad

2181 943 2603 1004 excludendas
2667 944 2821 1004 alias
2888 943 3161 1004 rationes
3219 944 3407 1024 hujus
3470 947 3705 1006 necessi-

2180 1036 2345 1110 tatis,
2373 1035 2509 1096 fuse
2539 1042 2801 1097 tractata
2822 1036 3047 1096 suntin
3069 1036 3269 1115 primo
3298 1036 3493 1108 libro;
3520 1041 3580 1097 et
3598 1057 3707 1114 quae

2175 1130 2497 1208 pertinent
2534 1131 2613 1190 ad
2654 1131 3239 1192 determinationem
3268 1131 3591 1210 physicam
3626 1151 3709 1190 to-

2176 1223 2453 1290 luntatis,
2498 1241 2691 1300 quam
2740 1223 3071 1284 excludere
3114 1223 3505 1303 potissimum
3534 1224 3708 1284 inten-

2178 1315 2409 1390 dimuS,
2456 1317 2683 1378 iterum
2731 1318 2793 1377 in
2846 1317 3255 1396 sequentibus
3284 1317 3567 1395 capitulis
3596 1337 3711 1394 pro-

2180 1417 2515 1488 ponentur.
2568 1410 2685 1474 Ubi
2718 1411 2905 1472 etiam
2944 1411 3295 1483 ostendam,
3328 1411 3495 1470 nulla
3526 1417 3711 1470 aucte-

2180 1503 2359 1563 ritate
2390 1504 2803 1566 conciliorum
2838 1503 2937 1564 vel
2968 1505 3340 1566 Sanctorum
3366 1505 3610 1564 Patrum
3634 1523 3709 1561 05.-

2180 1595 2353 1656 tendi
2414 1615 2598 1674 posse
2650 1596 2750 1658 vel
2800 1597 3126 1658 minimum
3175 1596 3505 1676 vestigium
3552 1597 3710 1674 hujus
3793 1660 3802 1669 ,

2183 1690 2395 1769 gratiae
2426 1691 2675 1750 fluentis
2706 1694 2766 1752 et
2794 1689 3167 1771 adjuvantis,
3795 1746 3805 1755 .

2260 1785 2319 1844 8.
2356 1782 2727 1862 Quanquam
2761 1789 2971 1844 autem
3002 1802 3165 1844 nova
3205 1783 3403 1860 gratia
3438 1781 3711 1861 adjuvans
3793 1786 3808 1825 ἱ

2180 1893 2305 1936 non
2339 1877 2417 1936 sit
2459 1877 2815 1938 necessaria
2845 1876 3081 1936 homini
3108 1875 3447 1955 justificato
3496 1875 3575 1934 ad
3618 1875 3709 1934 sin·
3805 1901 3808 1936 :

2180 1970 2359 2048 gulos
2374 1977 2550 2031 actus
2571 1970 3081 2048 supernaturales
3100 1968 3507 2047 praestandos,
3526 1973 3707 2027 tamrn
3805 1993 3808 2028 ;

2178 2064 2413 2123 homiui
2445 2064 2729 2124 existenti
2776 2063 2838 2122 in
2892 2069 3058 2124 statu
3103 2066 3343 2123 naturae
3396 2062 3583 2140 lapsae
3628 2081 3709 2120 ne·
3805 2099 3807 2102 >

2178 2156 2449 2218 cessaria
2476 2163 2589 2230 est,
2622 2163 2690 2218 ut
2716 2158 2777 2217 in
2808 2157 3007 2236 gratia
3036 2155 3139 2216 diu
3174 2162 3559 2234 perseveret;
3590 2173 3709 2214 nam
3794 2162 3807 2196 '›

2180 2251 2259 2310 ad
2288 2251 2817 2328 perseverandum
2847 2252 2909 2310 in
2938 2250 3158 2326 gratia,
3194 2249 3615 2309 necessarium
3636 2257 3709 2306 cst
3806 2275 3808 2310 ι

2180 2346 2452 2425 speciale
2490 2346 2807 2417 auxilium,
2844 2351 2911 2406 ut
2950 2344 3225 2405 Concilia
3268 2341 3593 2412 definiunt,
3624 2360 3709 2400 seu
3806 2383 3808 2388 .

2177 2439 2659 2520 perseverantias
2690 2439 2949 2509 donum,
2982 2436 3154 2515 quod
3182 2443 3245 2497 et
3282 2435 3544 2514 gratiam
3580 2437 3711 2494 exci-

2176 2539 2415 2595 tantem
2450 2539 2511 2593 et
2558 2531 2957 2612 adjuvantem
2988 2529 3271 2604 includit,
3326 2530 3455 2590 sive
3498 2528 3627 2586 ham·
3660 2547 3711 2586 re

2179 2628 2673 2706 distinguantur,
2726 2626 2853 2686 sive
2902 2629 3147 2686 tantum
3202 2622 3569 2684 habitudine
3624 2641 3713 2682 seu

2180 2739 2441 2782 munere
2468 2727 2529 2780 et
2554 2719 2791 2789 officim
2820 2720 2937 2779 hoc
2962 2718 3129 2778 enim
3146 2717 3229 2778 ad
3246 2716 3432 2777 fidem
3454 2734 3578 2775 non
3602 2734 3713 2792 per·

2180 2814 2352 2886 tinet,
2386 2819 2453 2872 ut
2501 2813 2709 2874 statim
2743 2810 3087 2890 explicabO.
3122 2811 3325 2887 Atque
3376 2809 3519 2868 hinc
3552 2809 3711 2868 etiam
3806 2839 3808 2874 1

2179 2907 2250 2969 fit
2298 2913 2389 2980 ut,
2440 2907 2585 2967 licet
2622 2905 2701 2965 ad
2754 2905 3033 2984 singulos
3084 2908 3263 2965 actus
3314 2919 3445 2962 non
3494 2901 3571 2962 sit
3605 2902 3713 2960 lia-c

2180 3019 2341 3062 nova
2372 3001 2569 3080 gratia
2599 2999 2981 3069 necessaria,
3004 2997 3083 3058 sit
3104 3001 3317 3058 tamen
3350 2996 3527 3056 valde
3550 2995 3711 3064 utilis,
3807 2999 3808 3012 ³

2180 3095 2231 3157 si
2270 3095 2435 3157 Deus
2463 3094 2611 3155 velit
2644 3094 2815 3155 illam
2848 3093 3159 3163 conferre,
3187 3091 3337 3171 quia
3364 3095 3549 3170 auget
3575 3089 3713 3149 vires

2182 3188 2261 3249 ad
2302 3188 2714 3267 operandum.
2752 3188 3075 3261 Quocirca,
3110 3185 3163 3246 si
3192 3186 3253 3245 hi
3280 3191 3585 3253 auctores,
3628 3200 3713 3258 qui

2180 3282 2408 3342 docent
2462 3281 2725 3361 adjungi
2764 3280 3079 3342 habitibus
3130 3279 3321 3339 aliam
3378 3277 3711 3356 qualitatem

2180 3376 2519 3447 fluentem,
2570 3392 2697 3435 non
2744 3373 3023 3435 dicerent
3066 3392 3207 3434 cam
3262 3390 3403 3433 esse
3448 3388 3711 3431 necessa·
3804 3442 3806 3445 Α

2177 3466 2335 3527 riam
2356 3467 2437 3527 ad
2456 3466 2893 3545 complendam
2923 3466 3045 3527 vim
3072 3466 3337 3527 activam
3362 3464 3645 3543 potentiae
3660 3470 3707 3522 et
3804 3498 3806 3501 <

2176 3562 2427 3621 habitus
2446 3606 2462 3631 ,
2521 3578 2728 3638 neque
2790 3560 2871 3621 ad
2914 3558 3455 3621 determinandam
3512 3563 3707 3635 poten-

2176 3656 2351 3727 tiam,
2376 3653 2489 3713 scd
2518 3653 2719 3713 solum
2752 3654 2831 3714 ad
2860 3653 3217 3732 augendam
3250 3653 3390 3732 ejus
3418 3652 3703 3713 virtutem,
3804 3640 3806 3713 ἷ

2176 3752 2245 3809 ut
2284 3746 2525 3806 facilius
2564 3752 2627 3807 ct
2672 3746 2987 3807 efficacius
3016 3752 3334 3824 operetur,
3364 3741 3518 3805 nihil
3562 3750 3711 3803 esset
3804 3732 3806 3795 ἶ

2176 3840 2241 3900 in
2271 3858 2491 3900 eorum
2520 3840 2827 3901 sententia
2860 3838 3029 3917 quod
3076 3844 3292 3917 aperte
3322 3844 3385 3898 et
3418 3836 3711 3897 evidenter

2174 3933 2530 4013 impugnari
2573 3940 2804 4013 posset,
2840 3938 2909 3992 ut
2936 3931 3118 3992 nobis
3146 3931 3404 4010 quidem
3450 3929 3705 3997 videtum

2176 4028 2341 4085 esset
2368 4032 2582 4086 tamen
2608 4025 3013 4087 nihilominus
3048 4030 3181 4085 tum
3210 4024 3470 4094 incerta,
3500 4027 3556 4082 et
3580 4022 3707 4081 abs·

2176 4135 2299 4195 que
2360 4118 2706 4180 sufficiente
2780 4117 3189 4179 fundamento
3258 4122 3531 4186 asserta;
3588 4122 3707 4175 tum

2176 4211 2361 4271 etiam
2388 4210 2652 4273 difficilis
2690 4211 2771 4273 ad
2820 4210 3310 4283 defendendum,
3360 4215 3601 4289 propter
3644 4226 3707 4265 ea

2176 4320 2315 4380 quae
2341 4304 2406 4364 in
2438 4322 2505 4364 re
2537 4304 2716 4365 simili
2748 4304 2955 4365 statim
2978 4304 3205 4363 dicam.

2256 4399 2314 4459 9.
2338 4399 2415 4458 At
2438 4414 2586 4457 vero
2612 4396 2689 4457 de
2710 4396 2925 4475 primis
2954 4396 3219 4468 actibus,
3250 4397 3358 4475 qui
3387 4395 3704 4475 dispositio·

2174 4508 2289 4550 nes
2318 4495 2463 4550 sunt
2492 4496 2560 4549 ut
2588 4489 2837 4549 habitus
2872 4487 3257 4559 infundatur,
3294 4495 3359 4550 ut
3388 4497 3481 4550 est
3510 4494 3527 4565 (
3554 4486 3703 4547 verbi

2174 4584 2375 4660 gratia
2403 4584 2423 4661 )
2451 4582 2757 4655 contritio,
2783 4586 2873 4641 est
2904 4582 3189 4659 specialis
3212 4581 3557 4653 difficultas,
3579 4580 3705 4658 quia

2175 4692 2317 4735 curn
2349 4676 2648 4753 potentia,
2673 4691 2877 4751 neque
2908 4692 2983 4735 ex
3014 4692 3105 4747 se,
3141 4694 3347 4753 neque
3398 4694 3474 4735 ex
3514 4674 3699 4735 habitu

2176 4767 2576 4845 superaddito
2606 4766 2835 4828 habeat
2880 4767 3291 4829 sufficientem
3332 4767 3457 4827 vim
3498 4767 3575 4827 ad
3614 4767 3701 4826 eli-

2175 4859 2467 4921 ciendum
2492 4866 2724 4933 actum,
2750 4859 2985 4939 indiget
3008 4861 3305 4940 peculiari
3326 4862 3524 4941 gratia
3550 4860 3703 4937 adju·

2176 4959 2383 5025 vante,
2404 4971 2545 5031 quae
2564 4954 2871 5032 compleat
2886 4953 3059 5013 illam
3075 4954 3369 5015 virtutem
3384 4974 3511 5015 non
3528 4954 3703 5015 solum

2174 5046 2235 5105 in
2266 5046 2507 5106 ratione
2536 5064 2739 5107 causae
2768 5046 3041 5119 moralis,
3064 5048 3179 5108 sed
3206 5050 3268 5109 in
3295 5049 3536 5109 ratione
3556 5048 3703 5126 prin-

2172 5138 2313 5218 cipii
2345 5139 2667 5201 efficientis
2694 5140 2941 5218 proprie
2972 5158 3047 5201 ac
3089 5140 3345 5221 physice
3376 5141 3469 5218 (ut
3497 5142 3699 5205 aiunt::

2170 5250 2319 5291 nam
2368 5232 2488 5293 hoc
2533 5232 2905 5311 principium
2942 5232 3243 5295 voluntati
3294 5235 3507 5305 decst;
3548 5240 3605 5294 et
3650 5232 3705 5289 in

2173 5344 2249 5387 eo
2298 5344 2531 5405 genere
2578 5344 2651 5387 ac
2682 5326 2869 5388 modo
2908 5328 3141 5405 agendi
3184 5328 3379 5390 habet
3422 5331 3705 5391 defectum

2171 5420 2433 5480 virtutis,
2470 5420 2859 5499 Quapropter
2872 5420 3135 5482 dubium
3163 5441 3291 5483 non
3314 5428 3413 5485 est
3430 5424 3577 5503 quin
3605 5423 3703 5481 hoc

2173 5512 2274 5592 adj
2286 5508 2483 5573 utorio
2505 5510 2813 5591 indigcat;
2839 5532 2987 5575 uam
3012 5534 3089 5575 ex
3104 5514 3251 5577 fidei
3272 5516 3585 5596 principiis
3604 5516 3702 5573 hoc
