<?xml version="1.0" encoding="UTF-8"?>
<!DOCTYPE html PUBLIC "-//W3C//DTD XHTML 1.0 Transitional//EN"
    "http://www.w3.org/TR/xhtml1/DTD/xhtml1-transitional.dtd">
<html xmlns="http://www.w3.org/1999/xhtml" xml:lang="en" lang="en">
 <head>
  <title>
</title>
<meta http-equiv="Content-Type" content="text/html;charset=utf-8" />
  <meta name='ocr-system' content='tesseract 3.04.00' />
  <meta name='ocr-capabilities' content='ocr_page ocr_carea ocr_par ocr_line ocrx_word'/>
</head>
<body>
  <div class='ocr_page' id='page_1' title='image "./rpfranciscisuar01duvagoog_0592.png"; bbox 0 0 3850 6225; ppageno 0'>
   <div class='ocr_carea' id='block_1_1' title="bbox 480 477 2055 932">
    <p class='ocr_par' dir='ltr' id='par_1_1' title="bbox 480 477 2055 932">
     <span class='ocr_line' id='line_1_1' title="bbox 485 477 2053 560; baseline 0.001 -22"><span class='ocrx_word' id='word_1_1' title='bbox 485 479 814 558; x_wconf 86' lang='lat' dir='ltr'>promissa,</span> <span class='ocrx_word' id='word_1_2' title='bbox 839 477 926 540; x_wconf 79' lang='lat' dir='ltr'>ita</span> <span class='ocrx_word' id='word_1_3' title='bbox 956 479 1142 540; x_wconf 88' lang='lat' dir='ltr'>etiam</span> <span class='ocrx_word' id='word_1_4' title='bbox 1173 495 1424 542; x_wconf 83' lang='lat' dir='ltr'>servare</span> <span class='ocrx_word' id='word_1_5' title='bbox 1452 486 1660 560; x_wconf 86' lang='lat' dir='ltr'>pacta,</span> <span class='ocrx_word' id='word_1_6' title='bbox 1687 484 1751 543; x_wconf 88' lang='lat' dir='ltr'>et</span> <span class='ocrx_word' id='word_1_7' title='bbox 1769 479 2053 543; x_wconf 85' lang='lat' dir='ltr'>&#39;reddere</span> 
     </span>
     <span class='ocr_line' id='line_1_2' title="bbox 480 571 2055 654; baseline 0.002 -22"><span class='ocrx_word' id='word_1_8' title='bbox 480 571 818 652; x_wconf 88' lang='lat' dir='ltr'>unicuique</span> <span class='ocrx_word' id='word_1_9' title='bbox 840 573 946 651; x_wconf 87' lang='lat' dir='ltr'>jus</span> <span class='ocrx_word' id='word_1_10' title='bbox 974 591 1178 634; x_wconf 87' lang='lat' dir='ltr'>suum.</span> <span class='ocrx_word' id='word_1_11' title='bbox 1211 573 1411 646; x_wconf 86' lang='lat' dir='ltr'>Unde,</span> <span class='ocrx_word' id='word_1_12' title='bbox 1437 579 1507 636; x_wconf 89' lang='lat' dir='ltr'>ut</span> <span class='ocrx_word' id='word_1_13' title='bbox 1527 591 1718 654; x_wconf 85' lang='lat' dir='ltr'>supra</span> <span class='ocrx_word' id='word_1_14' title='bbox 1749 573 1939 637; x_wconf 83' lang='lat' dir='ltr'>etiam</span> <span class='ocrx_word' id='word_1_15' title='bbox 1965 580 2055 635; x_wconf 90' lang='lat' dir='ltr'>at·</span> 
     </span>
     <span class='ocr_line' id='line_1_3' title="bbox 482 665 2052 744; baseline 0.002 -19"><span class='ocrx_word' id='word_1_16' title='bbox 482 665 902 744; x_wconf 71' lang='lat' dir='ltr'>fingebamus,</span> <span class='ocrx_word' id='word_1_17' title='bbox 933 665 998 726; x_wconf 91' lang='lat' dir='ltr'>in</span> <span class='ocrx_word' id='word_1_18' title='bbox 1024 666 1146 728; x_wconf 86' lang='lat' dir='ltr'>bac</span> <span class='ocrx_word' id='word_1_19' title='bbox 1175 667 1458 730; x_wconf 88' lang='lat' dir='ltr'>decentia</span> <span class='ocrx_word' id='word_1_20' title='bbox 1488 667 1712 730; x_wconf 83' lang='lat' dir='ltr'>divinae</span> <span class='ocrx_word' id='word_1_21' title='bbox 1753 667 2052 730; x_wconf 90' lang='lat' dir='ltr'>bonitatis</span> 
     </span>
     <span class='ocr_line' id='line_1_4' title="bbox 485 759 2049 837; baseline 0.001 -19"><span class='ocrx_word' id='word_1_22' title='bbox 485 763 579 818; x_wconf 88' lang='lat' dir='ltr'>est</span> <span class='ocrx_word' id='word_1_23' title='bbox 607 775 836 837; x_wconf 84' lang='lat' dir='ltr'>magna</span> <span class='ocrx_word' id='word_1_24' title='bbox 863 759 1122 819; x_wconf 88' lang='lat' dir='ltr'>latitudo</span> <span class='ocrx_word' id='word_1_25' title='bbox 1157 776 1172 818; x_wconf 89' lang='lat'><strong>:</strong></span> <span class='ocrx_word' id='word_1_26' title='bbox 1207 759 1493 837; x_wconf 84' lang='lat' dir='ltr'>quaedam</span> <span class='ocrx_word' id='word_1_27' title='bbox 1533 761 1701 820; x_wconf 87' lang='lat' dir='ltr'>enim</span> <span class='ocrx_word' id='word_1_28' title='bbox 1735 767 1829 822; x_wconf 90' lang='lat' dir='ltr'>est</span> <span class='ocrx_word' id='word_1_29' title='bbox 1857 760 2049 822; x_wconf 87' lang='lat' dir='ltr'>solius</span> 
     </span>
     <span class='ocr_line' id='line_1_5' title="bbox 484 851 2051 932; baseline 0.001 -22"><span class='ocrx_word' id='word_1_30' title='bbox 484 851 912 930; x_wconf 73' lang='lat' dir='ltr'>congr-lutetia,</span> <span class='ocrx_word' id='word_1_31' title='bbox 937 851 1056 913; x_wconf 87' lang='lat' dir='ltr'>alin</span> <span class='ocrx_word' id='word_1_32' title='bbox 1087 853 1274 913; x_wconf 89' lang='lat' dir='ltr'>etiam</span> <span class='ocrx_word' id='word_1_33' title='bbox 1313 854 1724 925; x_wconf 79' lang='lat' dir='ltr'>necessitatiS‚</span> <span class='ocrx_word' id='word_1_34' title='bbox 1753 873 1881 916; x_wconf 91' lang='lat' dir='ltr'>non</span> <span class='ocrx_word' id='word_1_35' title='bbox 1911 853 2051 932; x_wconf 87' lang='lat' dir='ltr'>qui-</span> 
     </span>
    </p>
   </div>
   <div class='ocr_carea' id='block_1_2' title="bbox 483 939 2061 1026">
    <p class='ocr_par' dir='ltr' id='par_1_2' title="bbox 483 939 2061 1026">
     <span class='ocr_line' id='line_1_6' title="bbox 483 939 2061 1026; baseline 0.004 -25"><span class='ocrx_word' id='word_1_36' title='bbox 483 939 626 1002; x_wconf 89' lang='lat' dir='ltr'>dem</span> <span class='ocrx_word' id='word_1_37' title='bbox 655 943 958 1018; x_wconf 85' lang='lat' dir='ltr'>absolute,</span> <span class='ocrx_word' id='word_1_38' title='bbox 1002 943 1113 1004; x_wconf 90' lang='lat' dir='ltr'>sed</span> <span class='ocrx_word' id='word_1_39' title='bbox 1143 963 1218 1005; x_wconf 84' lang='lat' dir='ltr'>ex</span> <span class='ocrx_word' id='word_1_40' title='bbox 1249 945 1459 1024; x_wconf 84' lang='lat' dir='ltr'>aliqua</span> <span class='ocrx_word' id='word_1_41' title='bbox 1487 946 1951 1026; x_wconf 76' lang='lat' dir='ltr'>suppositione3</span> <span class='ocrx_word' id='word_1_42' title='bbox 1984 947 2061 1007; x_wconf 86' lang='lat' dir='ltr'>in.</span> 
     </span>
    </p>
   </div>
   <div class='ocr_carea' id='block_1_3' title="bbox 453 1035 2053 5492">
    <p class='ocr_par' dir='ltr' id='par_1_3' title="bbox 471 1035 2053 2236">
     <span class='ocr_line' id='line_1_7' title="bbox 481 1035 2049 1117; baseline 0.004 -23"><span class='ocrx_word' id='word_1_43' title='bbox 481 1053 606 1114; x_wconf 86' lang='lat' dir='ltr'>quo</span> <span class='ocrx_word' id='word_1_44' title='bbox 650 1035 850 1114; x_wconf 85' lang='lat' dir='ltr'>gradu</span> <span class='ocrx_word' id='word_1_45' title='bbox 877 1036 1162 1098; x_wconf 87' lang='lat' dir='ltr'>decentia</span> <span class='ocrx_word' id='word_1_46' title='bbox 1201 1036 1454 1117; x_wconf 83' lang='lat' dir='ltr'>justitiae</span> <span class='ocrx_word' id='word_1_47' title='bbox 1483 1040 1860 1100; x_wconf 82' lang='lat' dir='ltr'><strong>continetur.</strong></span> <span class='ocrx_word' id='word_1_48' title='bbox 1892 1041 2049 1100; x_wconf 85' lang='lat' dir='ltr'>Item</span> 
     </span>
     <span class='ocr_line' id='line_1_8' title="bbox 480 1129 2053 1210; baseline 0.003 -21"><span class='ocrx_word' id='word_1_49' title='bbox 480 1129 601 1189; x_wconf 84' lang='lat' dir='ltr'>alia</span> <span class='ocrx_word' id='word_1_50' title='bbox 629 1134 721 1190; x_wconf 89' lang='lat' dir='ltr'>est</span> <span class='ocrx_word' id='word_1_51' title='bbox 744 1129 1027 1190; x_wconf 80' lang='lat' dir='ltr'>decentia</span> <span class='ocrx_word' id='word_1_52' title='bbox 1055 1131 1119 1190; x_wconf 91' lang='lat' dir='ltr'>in</span> <span class='ocrx_word' id='word_1_53' title='bbox 1158 1132 1290 1192; x_wconf 91' lang='lat' dir='ltr'>solo</span> <span class='ocrx_word' id='word_1_54' title='bbox 1331 1133 1468 1210; x_wconf 90' lang='lat' dir='ltr'>ipso</span> <span class='ocrx_word' id='word_1_55' title='bbox 1497 1133 1627 1193; x_wconf 91' lang='lat' dir='ltr'>Deo</span> <span class='ocrx_word' id='word_1_56' title='bbox 1671 1133 1957 1204; x_wconf 78' lang='lat' dir='ltr'>fundata,</span> <span class='ocrx_word' id='word_1_57' title='bbox 1985 1139 2053 1193; x_wconf 89' lang='lat' dir='ltr'>ut</span> 
     </span>
     <span class='ocr_line' id='line_1_9' title="bbox 482 1222 2053 1306; baseline 0.003 -24"><span class='ocrx_word' id='word_1_58' title='bbox 482 1229 597 1294; x_wconf 86' lang='lat' dir='ltr'>est,</span> <span class='ocrx_word' id='word_1_59' title='bbox 625 1222 795 1284; x_wconf 85' lang='lat' dir='ltr'>verbi</span> <span class='ocrx_word' id='word_1_60' title='bbox 826 1224 1049 1298; x_wconf 74' lang='lat' dir='ltr'>gratia,</span> <span class='ocrx_word' id='word_1_61' title='bbox 1077 1223 1362 1285; x_wconf 90' lang='lat' dir='ltr'>decentia</span> <span class='ocrx_word' id='word_1_62' title='bbox 1403 1225 1870 1299; x_wconf 68' lang='lat' dir='ltr'>misericordiae,</span> <span class='ocrx_word' id='word_1_63' title='bbox 1909 1243 2053 1306; x_wconf 81' lang='lat' dir='ltr'>quoe</span> 
     </span>
     <span class='ocr_line' id='line_1_10' title="bbox 479 1315 2049 1399; baseline 0.002 -24"><span class='ocrx_word' id='word_1_64' title='bbox 479 1321 810 1395; x_wconf 86' lang='lat' dir='ltr'>propterea</span> <span class='ocrx_word' id='word_1_65' title='bbox 837 1315 1064 1376; x_wconf 89' lang='lat' dir='ltr'>dicitur</span> <span class='ocrx_word' id='word_1_66' title='bbox 1091 1333 1228 1378; x_wconf 87' lang='lat' dir='ltr'>esse</span> <span class='ocrx_word' id='word_1_67' title='bbox 1257 1318 1530 1379; x_wconf 82' lang='lat' dir='ltr'><strong>maxime</strong></span> <span class='ocrx_word' id='word_1_68' title='bbox 1561 1319 1816 1398; x_wconf 88' lang='lat' dir='ltr'>propria</span> <span class='ocrx_word' id='word_1_69' title='bbox 1853 1319 2049 1399; x_wconf 85' lang='lat' dir='ltr'>ipsius</span> 
     </span>
     <span class='ocr_line' id='line_1_11' title="bbox 479 1405 2049 1491; baseline 0.002 -22"><span class='ocrx_word' id='word_1_70' title='bbox 479 1409 616 1482; x_wconf 87' lang='lat' dir='ltr'>Dei,</span> <span class='ocrx_word' id='word_1_71' title='bbox 657 1419 718 1468; x_wconf 91' lang='lat' dir='ltr'>et</span> <span class='ocrx_word' id='word_1_72' title='bbox 759 1405 1224 1487; x_wconf 85' lang='lat' dir='ltr'>quodammodo</span> <span class='ocrx_word' id='word_1_73' title='bbox 1259 1411 1482 1488; x_wconf 78' lang='lat' dir='ltr'>prima,</span> <span class='ocrx_word' id='word_1_74' title='bbox 1514 1411 1662 1489; x_wconf 90' lang='lat' dir='ltr'>quia</span> <span class='ocrx_word' id='word_1_75' title='bbox 1707 1410 1862 1471; x_wconf 87' lang='lat' dir='ltr'>nihil</span> <span class='ocrx_word' id='word_1_76' title='bbox 1903 1430 2049 1491; x_wconf 88' lang='lat' dir='ltr'>sup·</span> 
     </span>
     <span class='ocr_line' id='line_1_12' title="bbox 478 1502 2049 1582; baseline 0.001 -20"><span class='ocrx_word' id='word_1_77' title='bbox 478 1502 660 1580; x_wconf 89' lang='lat' dir='ltr'>ponit</span> <span class='ocrx_word' id='word_1_78' title='bbox 679 1519 754 1561; x_wconf 85' lang='lat' dir='ltr'>ex</span> <span class='ocrx_word' id='word_1_79' title='bbox 781 1507 956 1580; x_wconf 86' lang='lat' dir='ltr'>parte</span> <span class='ocrx_word' id='word_1_80' title='bbox 985 1506 1310 1574; x_wconf 79' lang='lat' dir='ltr'>creaturae,</span> <span class='ocrx_word' id='word_1_81' title='bbox 1335 1503 1455 1562; x_wconf 90' lang='lat' dir='ltr'>nisi</span> <span class='ocrx_word' id='word_1_82' title='bbox 1481 1503 1684 1582; x_wconf 89' lang='lat' dir='ltr'>ipsum</span> <span class='ocrx_word' id='word_1_83' title='bbox 1711 1503 1897 1577; x_wconf 87' lang='lat' dir='ltr'>nihil;</span> <span class='ocrx_word' id='word_1_84' title='bbox 1921 1503 2049 1564; x_wconf 85' lang='lat' dir='ltr'>alia</span> 
     </span>
     <span class='ocr_line' id='line_1_13' title="bbox 477 1594 2045 1673; baseline 0.003 -19"><span class='ocrx_word' id='word_1_85' title='bbox 477 1611 627 1654; x_wconf 74' lang='lat' dir='ltr'>vero</span> <span class='ocrx_word' id='word_1_86' title='bbox 667 1601 785 1666; x_wconf 87' lang='lat' dir='ltr'>est,</span> <span class='ocrx_word' id='word_1_87' title='bbox 814 1611 954 1673; x_wconf 67' lang='lat' dir='ltr'>quae</span> <span class='ocrx_word' id='word_1_88' title='bbox 994 1595 1204 1672; x_wconf 87' lang='lat' dir='ltr'>aliquo</span> <span class='ocrx_word' id='word_1_89' title='bbox 1234 1594 1424 1654; x_wconf 87' lang='lat' dir='ltr'>modo</span> <span class='ocrx_word' id='word_1_90' title='bbox 1451 1594 1750 1657; x_wconf 82' lang='lat' dir='ltr'>fundatur</span> <span class='ocrx_word' id='word_1_91' title='bbox 1777 1597 1840 1656; x_wconf 90' lang='lat' dir='ltr'>in</span> <span class='ocrx_word' id='word_1_92' title='bbox 1871 1613 2045 1658; x_wconf 84' lang='lat' dir='ltr'>erea-</span> 
     </span>
     <span class='ocr_line' id='line_1_14' title="bbox 478 1687 2045 1767; baseline 0.001 -19"><span class='ocrx_word' id='word_1_93' title='bbox 478 1693 637 1760; x_wconf 82' lang='lat' dir='ltr'>tura,</span> <span class='ocrx_word' id='word_1_94' title='bbox 671 1688 910 1748; x_wconf 85' lang='lat' dir='ltr'>ratione</span> <span class='ocrx_word' id='word_1_95' title='bbox 939 1687 1200 1766; x_wconf 89' lang='lat' dir='ltr'>alicujus</span> <span class='ocrx_word' id='word_1_96' title='bbox 1227 1688 1622 1767; x_wconf 79' lang='lat' dir='ltr'><strong>proprietatis</strong></span> <span class='ocrx_word' id='word_1_97' title='bbox 1651 1689 1750 1750; x_wconf 79' lang='lat' dir='ltr'>vel</span> <span class='ocrx_word' id='word_1_98' title='bbox 1780 1691 2045 1752; x_wconf 86' lang='lat' dir='ltr'>actionis</span> 
     </span>
     <span class='ocr_line' id='line_1_15' title="bbox 477 1778 2046 1862; baseline 0.002 -22"><span class='ocrx_word' id='word_1_99' title='bbox 477 1781 647 1859; x_wconf 86' lang='lat' dir='ltr'>ejus;</span> <span class='ocrx_word' id='word_1_100' title='bbox 681 1780 966 1859; x_wconf 79' lang='lat' dir='ltr'>quamvis</span> <span class='ocrx_word' id='word_1_101' title='bbox 1005 1797 1132 1840; x_wconf 91' lang='lat' dir='ltr'>non</span> <span class='ocrx_word' id='word_1_102' title='bbox 1161 1778 1456 1841; x_wconf 82' lang='lat' dir='ltr'>fundetur</span> <span class='ocrx_word' id='word_1_103' title='bbox 1481 1781 1546 1842; x_wconf 92' lang='lat' dir='ltr'>in</span> <span class='ocrx_word' id='word_1_104' title='bbox 1573 1781 1680 1842; x_wconf 83' lang='lat' dir='ltr'>illa</span> <span class='ocrx_word' id='word_1_105' title='bbox 1707 1781 1860 1844; x_wconf 90' lang='lat' dir='ltr'>sola.</span> <span class='ocrx_word' id='word_1_106' title='bbox 1891 1782 2046 1862; x_wconf 85' lang='lat' dir='ltr'>quin</span> 
     </span>
     <span class='ocr_line' id='line_1_16' title="bbox 476 1873 2046 1953; baseline 0.001 -19"><span class='ocrx_word' id='word_1_107' title='bbox 476 1873 902 1953; x_wconf 80' lang='lat' dir='ltr'>principaliter</span> <span class='ocrx_word' id='word_1_108' title='bbox 931 1873 1118 1934; x_wconf 85' lang='lat' dir='ltr'>etiam</span> <span class='ocrx_word' id='word_1_109' title='bbox 1147 1873 1441 1935; x_wconf 80' lang='lat' dir='ltr'>fundetur</span> <span class='ocrx_word' id='word_1_110' title='bbox 1465 1875 1530 1936; x_wconf 93' lang='lat' dir='ltr'>in</span> <span class='ocrx_word' id='word_1_111' title='bbox 1560 1877 1806 1937; x_wconf 85' lang='lat' dir='ltr'>actione</span> <span class='ocrx_word' id='word_1_112' title='bbox 1835 1882 1898 1938; x_wconf 86' lang='lat' dir='ltr'>et</span> <span class='ocrx_word' id='word_1_113' title='bbox 1927 1877 2046 1936; x_wconf 87' lang='lat' dir='ltr'>vir-</span> 
     </span>
     <span class='ocr_line' id='line_1_17' title="bbox 473 1965 2047 2050; baseline 0.001 -22"><span class='ocrx_word' id='word_1_114' title='bbox 473 1974 606 2028; x_wconf 86' lang='lat' dir='ltr'>tute</span> <span class='ocrx_word' id='word_1_115' title='bbox 649 1967 842 2045; x_wconf 86' lang='lat' dir='ltr'>ipsius</span> <span class='ocrx_word' id='word_1_116' title='bbox 880 1965 1016 2028; x_wconf 90' lang='lat' dir='ltr'>Dei.</span> <span class='ocrx_word' id='word_1_117' title='bbox 1047 1968 1123 2028; x_wconf 90' lang='lat' dir='ltr'>Et</span> <span class='ocrx_word' id='word_1_118' title='bbox 1163 1967 1242 2026; x_wconf 87' lang='lat' dir='ltr'>ad</span> <span class='ocrx_word' id='word_1_119' title='bbox 1283 1968 1452 2029; x_wconf 88' lang='lat' dir='ltr'>hunc</span> <span class='ocrx_word' id='word_1_120' title='bbox 1480 1967 1766 2030; x_wconf 83' lang='lat' dir='ltr'>ordinem</span> <span class='ocrx_word' id='word_1_121' title='bbox 1805 1974 2047 2050; x_wconf 87' lang='lat' dir='ltr'>spectat</span> 
     </span>
     <span class='ocr_line' id='line_1_18' title="bbox 475 2045 2044 2140; baseline 0.003 -17"><span class='ocrx_word' id='word_1_122' title='bbox 475 2045 764 2124; x_wconf 82' lang='lat' dir='ltr'>decentia</span> <span class='ocrx_word' id='word_1_123' title='bbox 799 2061 1056 2140; x_wconf 62' lang='lat' dir='ltr'>justitiae</span> <span class='ocrx_word' id='word_1_124' title='bbox 1083 2106 1100 2134; x_wconf 93' lang='lat'><strong>‚</strong></span> <span class='ocrx_word' id='word_1_125' title='bbox 1147 2063 1308 2123; x_wconf 88' lang='lat' dir='ltr'>sicut</span> <span class='ocrx_word' id='word_1_126' title='bbox 1351 2069 1414 2123; x_wconf 91' lang='lat' dir='ltr'>et</span> <span class='ocrx_word' id='word_1_127' title='bbox 1456 2062 1766 2125; x_wconf 81' lang='lat' dir='ltr'>fidelitatis</span> <span class='ocrx_word' id='word_1_128' title='bbox 1790 2109 1807 2138; x_wconf 90' lang='lat'>,</span> <span class='ocrx_word' id='word_1_129' title='bbox 1851 2070 1925 2126; x_wconf 84' lang='lat' dir='ltr'>nt</span> <span class='ocrx_word' id='word_1_130' title='bbox 1964 2081 2044 2127; x_wconf 85' lang='lat' dir='ltr'>ex</span> 
     </span>
     <span class='ocr_line' id='line_1_19' title="bbox 471 2152 1734 2236; baseline 0.001 -21"><span class='ocrx_word' id='word_1_131' title='bbox 471 2155 780 2216; x_wconf 85' lang='lat' dir='ltr'>hactenus</span> <span class='ocrx_word' id='word_1_132' title='bbox 809 2152 986 2215; x_wconf 88' lang='lat' dir='ltr'>dictis</span> <span class='ocrx_word' id='word_1_133' title='bbox 1017 2154 1166 2216; x_wconf 86' lang='lat' dir='ltr'>satis</span> <span class='ocrx_word' id='word_1_134' title='bbox 1197 2161 1482 2218; x_wconf 82' lang='lat' dir='ltr'>constare</span> <span class='ocrx_word' id='word_1_135' title='bbox 1507 2161 1734 2236; x_wconf 88' lang='lat' dir='ltr'>potest.</span> 
     </span>
    </p>

    <p class='ocr_par' dir='ltr' id='par_1_4' title="bbox 459 2247 2045 4842">
     <span class='ocr_line' id='line_1_20' title="bbox 557 2247 2037 2326; baseline 0.003 -17"><span class='ocrx_word' id='word_1_136' title='bbox 557 2249 615 2310; x_wconf 88' lang='lat'>3.</span> <span class='ocrx_word' id='word_1_137' title='bbox 663 2247 985 2319; x_wconf 80' lang='lat' dir='ltr'>Quocirca,</span> <span class='ocrx_word' id='word_1_138' title='bbox 1032 2265 1174 2308; x_wconf 87' lang='lat' dir='ltr'>cum</span> <span class='ocrx_word' id='word_1_139' title='bbox 1221 2249 1576 2321; x_wconf 81' lang='lat' dir='ltr'>Anselmus,</span> <span class='ocrx_word' id='word_1_140' title='bbox 1619 2249 1842 2311; x_wconf 89' lang='lat' dir='ltr'>eodem</span> <span class='ocrx_word' id='word_1_141' title='bbox 1875 2248 2037 2326; x_wconf 88' lang='lat' dir='ltr'>loce,</span> 
     </span>
     <span class='ocr_line' id='line_1_21' title="bbox 471 2341 2043 2420; baseline 0.003 -16"><span class='ocrx_word' id='word_1_142' title='bbox 471 2343 872 2420; x_wconf 84' lang='lat' dir='ltr'>negationem</span> <span class='ocrx_word' id='word_1_143' title='bbox 913 2341 1084 2400; x_wconf 87' lang='lat' dir='ltr'>illam</span> <span class='ocrx_word' id='word_1_144' title='bbox 1127 2341 1410 2420; x_wconf 80' lang='lat' dir='ltr'>adjunxit</span> <span class='ocrx_word' id='word_1_145' title='bbox 1455 2359 1468 2401; x_wconf 91' lang='lat'>:</span> <span class='ocrx_word' id='word_1_146' title='bbox 1519 2343 1742 2406; x_wconf 74' lang='lat' dir='ltr'>Juscus</span> <span class='ocrx_word' id='word_1_147' title='bbox 1781 2361 1874 2417; x_wconf 70' lang='lat' dir='ltr'>es,</span> <span class='ocrx_word' id='word_1_148' title='bbox 1921 2362 2043 2407; x_wconf 68' lang='lat' dir='ltr'>nou</span> 
     </span>
     <span class='ocr_line' id='line_1_22' title="bbox 472 2433 2045 2518; baseline 0.002 -22"><span class='ocrx_word' id='word_1_149' title='bbox 472 2437 618 2518; x_wconf 74' lang='lat' dir='ltr'>qnia</span> <span class='ocrx_word' id='word_1_150' title='bbox 655 2435 822 2498; x_wconf 75' lang='lat' dir='ltr'>nobis</span> <span class='ocrx_word' id='word_1_151' title='bbox 862 2435 1078 2497; x_wconf 75' lang='lat' dir='ltr'>reddas</span> <span class='ocrx_word' id='word_1_152' title='bbox 1117 2433 1391 2508; x_wconf 73' lang='lat' dir='ltr'>debitum,</span> <span class='ocrx_word' id='word_1_153' title='bbox 1443 2437 1797 2497; x_wconf 86' lang='lat' dir='ltr'>necessario</span> <span class='ocrx_word' id='word_1_154' title='bbox 1852 2455 2045 2517; x_wconf 82' lang='lat' dir='ltr'>expo-</span> 
     </span>
     <span class='ocr_line' id='line_1_23' title="bbox 473 2526 2043 2606; baseline 0.002 -18"><span class='ocrx_word' id='word_1_155' title='bbox 473 2529 718 2589; x_wconf 88' lang='lat' dir='ltr'>nendus</span> <span class='ocrx_word' id='word_1_156' title='bbox 760 2533 854 2588; x_wconf 90' lang='lat' dir='ltr'>est</span> <span class='ocrx_word' id='word_1_157' title='bbox 886 2526 964 2586; x_wconf 91' lang='lat' dir='ltr'>de</span> <span class='ocrx_word' id='word_1_158' title='bbox 995 2526 1229 2598; x_wconf 88' lang='lat' dir='ltr'>debito,</span> <span class='ocrx_word' id='word_1_159' title='bbox 1261 2527 1430 2606; x_wconf 89' lang='lat' dir='ltr'>quod</span> <span class='ocrx_word' id='word_1_160' title='bbox 1472 2545 1548 2590; x_wconf 88' lang='lat' dir='ltr'>ex</span> <span class='ocrx_word' id='word_1_161' title='bbox 1585 2528 1768 2590; x_wconf 88' lang='lat' dir='ltr'>nobis</span> <span class='ocrx_word' id='word_1_162' title='bbox 1797 2535 2043 2592; x_wconf 86' lang='lat' dir='ltr'>tantum</span> 
     </span>
     <span class='ocr_line' id='line_1_24' title="bbox 471 2620 2037 2700; baseline 0.001 -18"><span class='ocrx_word' id='word_1_163' title='bbox 471 2628 579 2682; x_wconf 88' lang='lat' dir='ltr'>aut</span> <span class='ocrx_word' id='word_1_164' title='bbox 607 2620 1030 2700; x_wconf 83' lang='lat' dir='ltr'>principaliter</span> <span class='ocrx_word' id='word_1_165' title='bbox 1058 2622 1320 2696; x_wconf 89' lang='lat' dir='ltr'>oriatur,</span> <span class='ocrx_word' id='word_1_166' title='bbox 1357 2639 1486 2682; x_wconf 89' lang='lat' dir='ltr'>non</span> <span class='ocrx_word' id='word_1_167' title='bbox 1515 2639 1663 2682; x_wconf 89' lang='lat' dir='ltr'>vero</span> <span class='ocrx_word' id='word_1_168' title='bbox 1695 2621 1772 2682; x_wconf 89' lang='lat' dir='ltr'>de</span> <span class='ocrx_word' id='word_1_169' title='bbox 1803 2621 2037 2695; x_wconf 84' lang='lat' dir='ltr'>debito,</span> 
     </span>
     <span class='ocr_line' id='line_1_25' title="bbox 471 2713 2041 2796; baseline 0.002 -22"><span class='ocrx_word' id='word_1_170' title='bbox 471 2713 638 2794; x_wconf 87' lang='lat' dir='ltr'>quod</span> <span class='ocrx_word' id='word_1_171' title='bbox 677 2715 910 2774; x_wconf 84' lang='lat' dir='ltr'>oriatur</span> <span class='ocrx_word' id='word_1_172' title='bbox 939 2731 1014 2774; x_wconf 81' lang='lat' dir='ltr'>ex</span> <span class='ocrx_word' id='word_1_173' title='bbox 1044 2713 1179 2792; x_wconf 88' lang='lat' dir='ltr'>ipso</span> <span class='ocrx_word' id='word_1_174' title='bbox 1211 2713 1363 2786; x_wconf 89' lang='lat' dir='ltr'>Deo,</span> <span class='ocrx_word' id='word_1_175' title='bbox 1397 2731 1509 2774; x_wconf 89' lang='lat' dir='ltr'>seu</span> <span class='ocrx_word' id='word_1_176' title='bbox 1541 2732 1619 2776; x_wconf 83' lang='lat' dir='ltr'>ex</span> <span class='ocrx_word' id='word_1_177' title='bbox 1647 2715 1858 2795; x_wconf 87' lang='lat' dir='ltr'>aliqua</span> <span class='ocrx_word' id='word_1_178' title='bbox 1891 2733 2041 2796; x_wconf 89' lang='lat' dir='ltr'>sup—</span> 
     </span>
     <span class='ocr_line' id='line_1_26' title="bbox 469 2805 2041 2888; baseline 0.003 -22"><span class='ocrx_word' id='word_1_179' title='bbox 469 2807 776 2888; x_wconf 86' lang='lat' dir='ltr'>positione</span> <span class='ocrx_word' id='word_1_180' title='bbox 817 2805 900 2873; x_wconf 84' lang='lat' dir='ltr'>ab</span> <span class='ocrx_word' id='word_1_181' title='bbox 945 2805 1051 2867; x_wconf 91' lang='lat' dir='ltr'>illo</span> <span class='ocrx_word' id='word_1_182' title='bbox 1103 2805 1417 2886; x_wconf 84' lang='lat' dir='ltr'>profecta;</span> <span class='ocrx_word' id='word_1_183' title='bbox 1467 2824 1611 2867; x_wconf 88' lang='lat' dir='ltr'>cum</span> <span class='ocrx_word' id='word_1_184' title='bbox 1661 2825 1790 2869; x_wconf 91' lang='lat' dir='ltr'>non</span> <span class='ocrx_word' id='word_1_185' title='bbox 1841 2810 2041 2887; x_wconf 81' lang='lat' dir='ltr'>possit</span> 
     </span>
     <span class='ocr_line' id='line_1_27' title="bbox 469 2899 2040 2980; baseline 0.001 -19"><span class='ocrx_word' id='word_1_186' title='bbox 469 2900 802 2961; x_wconf 82' lang='lat' dir='ltr'>Anselmus</span> <span class='ocrx_word' id='word_1_187' title='bbox 849 2917 1086 2980; x_wconf 84' lang='lat' dir='ltr'>negare</span> <span class='ocrx_word' id='word_1_188' title='bbox 1137 2899 1420 2962; x_wconf 89' lang='lat' dir='ltr'>debitum</span> <span class='ocrx_word' id='word_1_189' title='bbox 1471 2899 1821 2973; x_wconf 82' lang='lat' dir='ltr'>fidelitatis;</span> <span class='ocrx_word' id='word_1_190' title='bbox 1851 2907 1914 2962; x_wconf 88' lang='lat' dir='ltr'>et</span> <span class='ocrx_word' id='word_1_191' title='bbox 1956 2901 2040 2962; x_wconf 89' lang='lat' dir='ltr'>ob</span> 
     </span>
     <span class='ocr_line' id='line_1_28' title="bbox 471 2993 2042 3074; baseline 0.001 -19"><span class='ocrx_word' id='word_1_192' title='bbox 471 2993 762 3056; x_wconf 89' lang='lat' dir='ltr'>eamdem</span> <span class='ocrx_word' id='word_1_193' title='bbox 797 3009 1055 3052; x_wconf 85' lang='lat' dir='ltr'>causam</span> <span class='ocrx_word' id='word_1_194' title='bbox 1085 3010 1212 3053; x_wconf 89' lang='lat' dir='ltr'>non</span> <span class='ocrx_word' id='word_1_195' title='bbox 1250 2993 1522 3054; x_wconf 84' lang='lat' dir='ltr'>excludit</span> <span class='ocrx_word' id='word_1_196' title='bbox 1557 2993 1835 3056; x_wconf 89' lang='lat' dir='ltr'>debitum</span> <span class='ocrx_word' id='word_1_197' title='bbox 1856 2995 2042 3074; x_wconf 81' lang='lat' dir='ltr'>justi-</span> 
     </span>
     <span class='ocr_line' id='line_1_29' title="bbox 465 3087 2039 3169; baseline 0.001 -20"><span class='ocrx_word' id='word_1_198' title='bbox 465 3087 595 3160; x_wconf 68' lang='lat' dir='ltr'>tiae,</span> <span class='ocrx_word' id='word_1_199' title='bbox 619 3088 766 3166; x_wconf 87' lang='lat' dir='ltr'>quia</span> <span class='ocrx_word' id='word_1_200' title='bbox 787 3088 851 3149; x_wconf 89' lang='lat' dir='ltr'>in</span> <span class='ocrx_word' id='word_1_201' title='bbox 872 3087 992 3149; x_wconf 91' lang='lat' dir='ltr'>hoc</span> <span class='ocrx_word' id='word_1_202' title='bbox 1014 3105 1157 3149; x_wconf 90' lang='lat' dir='ltr'>cum</span> <span class='ocrx_word' id='word_1_203' title='bbox 1177 3087 1298 3149; x_wconf 86' lang='lat' dir='ltr'>alio</span> <span class='ocrx_word' id='word_1_204' title='bbox 1325 3089 1636 3163; x_wconf 84' lang='lat' dir='ltr'>convenit,</span> <span class='ocrx_word' id='word_1_205' title='bbox 1658 3089 1830 3169; x_wconf 88' lang='lat' dir='ltr'>quod</span> <span class='ocrx_word' id='word_1_206' title='bbox 1849 3090 2039 3151; x_wconf 84' lang='lat' dir='ltr'>etiam</span> 
     </span>
     <span class='ocr_line' id='line_1_30' title="bbox 469 3184 2037 3263; baseline 0.001 -19"><span class='ocrx_word' id='word_1_207' title='bbox 469 3189 566 3245; x_wconf 88' lang='lat' dir='ltr'>est</span> <span class='ocrx_word' id='word_1_208' title='bbox 601 3200 678 3243; x_wconf 79' lang='lat' dir='ltr'>ex</span> <span class='ocrx_word' id='word_1_209' title='bbox 715 3184 1151 3263; x_wconf 85' lang='lat' dir='ltr'>suppositione</span> <span class='ocrx_word' id='word_1_210' title='bbox 1186 3184 1616 3263; x_wconf 81' lang='lat' dir='ltr'>promissionis</span> <span class='ocrx_word' id='word_1_211' title='bbox 1641 3184 1886 3259; x_wconf 66' lang='lat' dir='ltr'>divium,</span> <span class='ocrx_word' id='word_1_212' title='bbox 1915 3184 2037 3246; x_wconf 89' lang='lat' dir='ltr'>dis-</span> 
     </span>
     <span class='ocr_line' id='line_1_31' title="bbox 467 3275 2033 3349; baseline -0.001 -11"><span class='ocrx_word' id='word_1_213' title='bbox 467 3277 659 3338; x_wconf 86' lang='lat' dir='ltr'>tincto</span> <span class='ocrx_word' id='word_1_214' title='bbox 703 3283 915 3337; x_wconf 87' lang='lat' dir='ltr'>tamen</span> <span class='ocrx_word' id='word_1_215' title='bbox 967 3275 1188 3349; x_wconf 90' lang='lat' dir='ltr'>mod0‚</span> <span class='ocrx_word' id='word_1_216' title='bbox 1228 3280 1290 3337; x_wconf 89' lang='lat' dir='ltr'>et</span> <span class='ocrx_word' id='word_1_217' title='bbox 1335 3276 1476 3337; x_wconf 90' lang='lat' dir='ltr'>ideo</span> <span class='ocrx_word' id='word_1_218' title='bbox 1523 3278 1711 3339; x_wconf 88' lang='lat' dir='ltr'>etiam</span> <span class='ocrx_word' id='word_1_219' title='bbox 1753 3276 2033 3339; x_wconf 88' lang='lat' dir='ltr'>debitum</span> 
     </span>
     <span class='ocr_line' id='line_1_32' title="bbox 467 3368 2035 3451; baseline 0.001 -21"><span class='ocrx_word' id='word_1_220' title='bbox 467 3371 696 3451; x_wconf 87' lang='lat' dir='ltr'>ipsum,</span> <span class='ocrx_word' id='word_1_221' title='bbox 729 3376 794 3431; x_wconf 91' lang='lat' dir='ltr'>et</span> <span class='ocrx_word' id='word_1_222' title='bbox 821 3369 1186 3431; x_wconf 84' lang='lat' dir='ltr'>attributum</span> <span class='ocrx_word' id='word_1_223' title='bbox 1215 3368 1298 3429; x_wconf 87' lang='lat' dir='ltr'>ad</span> <span class='ocrx_word' id='word_1_224' title='bbox 1327 3368 1496 3449; x_wconf 89' lang='lat' dir='ltr'>quod</span> <span class='ocrx_word' id='word_1_225' title='bbox 1521 3371 1812 3449; x_wconf 82' lang='lat' dir='ltr'>pertinet,</span> <span class='ocrx_word' id='word_1_226' title='bbox 1836 3370 2035 3431; x_wconf 81' lang='lat' dir='ltr'>diver-</span> 
     </span>
     <span class='ocr_line' id='line_1_33' title="bbox 465 3461 2033 3541; baseline 0.001 -18"><span class='ocrx_word' id='word_1_227' title='bbox 465 3480 550 3523; x_wconf 84' lang='lat' dir='ltr'>sae</span> <span class='ocrx_word' id='word_1_228' title='bbox 593 3462 851 3523; x_wconf 87' lang='lat' dir='ltr'>rationis</span> <span class='ocrx_word' id='word_1_229' title='bbox 877 3468 991 3533; x_wconf 91' lang='lat' dir='ltr'>est,</span> <span class='ocrx_word' id='word_1_230' title='bbox 1018 3467 1089 3521; x_wconf 90' lang='lat' dir='ltr'>ut</span> <span class='ocrx_word' id='word_1_231' title='bbox 1113 3461 1590 3523; x_wconf 81' lang='lat' dir='ltr'>declaravimus.</span> <span class='ocrx_word' id='word_1_232' title='bbox 1621 3462 1836 3541; x_wconf 80' lang='lat' dir='ltr'>Neque</span> <span class='ocrx_word' id='word_1_233' title='bbox 1865 3481 2033 3525; x_wconf 86' lang='lat' dir='ltr'>nunc</span> 
     </span>
     <span class='ocr_line' id='line_1_34' title="bbox 463 3554 2037 3634; baseline 0.001 -18"><span class='ocrx_word' id='word_1_234' title='bbox 463 3555 712 3634; x_wconf 85' lang='lat' dir='ltr'>disputo</span> <span class='ocrx_word' id='word_1_235' title='bbox 757 3555 838 3616; x_wconf 92' lang='lat' dir='ltr'>de</span> <span class='ocrx_word' id='word_1_236' title='bbox 877 3555 995 3615; x_wconf 89' lang='lat' dir='ltr'>illis</span> <span class='ocrx_word' id='word_1_237' title='bbox 1033 3554 1330 3633; x_wconf 87' lang='lat' dir='ltr'>loquendi</span> <span class='ocrx_word' id='word_1_238' title='bbox 1363 3554 1589 3629; x_wconf 88' lang='lat' dir='ltr'>modis,</span> <span class='ocrx_word' id='word_1_239' title='bbox 1622 3575 1704 3617; x_wconf 89' lang='lat' dir='ltr'>an</span> <span class='ocrx_word' id='word_1_240' title='bbox 1743 3558 1913 3618; x_wconf 84' lang='lat' dir='ltr'>Deus</span> <span class='ocrx_word' id='word_1_241' title='bbox 1942 3558 2037 3618; x_wconf 89' lang='lat' dir='ltr'>di-</span> 
     </span>
     <span class='ocr_line' id='line_1_35' title="bbox 463 3648 2035 3722; baseline 0.002 -14"><span class='ocrx_word' id='word_1_242' title='bbox 463 3650 702 3709; x_wconf 87' lang='lat' dir='ltr'>cendus</span> <span class='ocrx_word' id='word_1_243' title='bbox 743 3650 821 3709; x_wconf 88' lang='lat' dir='ltr'>sit</span> <span class='ocrx_word' id='word_1_244' title='bbox 859 3648 1092 3709; x_wconf 84' lang='lat' dir='ltr'>debere</span> <span class='ocrx_word' id='word_1_245' title='bbox 1133 3648 1246 3708; x_wconf 89' lang='lat' dir='ltr'>sibi</span> <span class='ocrx_word' id='word_1_246' title='bbox 1277 3648 1376 3709; x_wconf 80' lang='lat' dir='ltr'>vel</span> <span class='ocrx_word' id='word_1_247' title='bbox 1417 3650 1604 3710; x_wconf 85' lang='lat' dir='ltr'>etiam</span> <span class='ocrx_word' id='word_1_248' title='bbox 1639 3650 1852 3722; x_wconf 85' lang='lat' dir='ltr'>nobis;</span> <span class='ocrx_word' id='word_1_249' title='bbox 1886 3668 2035 3711; x_wconf 85' lang='lat' dir='ltr'>nam</span> 
     </span>
     <span class='ocr_line' id='line_1_36' title="bbox 465 3739 2031 3821; baseline 0.003 -22"><span class='ocrx_word' id='word_1_250' title='bbox 465 3740 612 3801; x_wconf 86' lang='lat' dir='ltr'>alibi</span> <span class='ocrx_word' id='word_1_251' title='bbox 648 3739 892 3801; x_wconf 89' lang='lat' dir='ltr'>ostendi</span> <span class='ocrx_word' id='word_1_252' title='bbox 931 3740 1144 3801; x_wconf 82' lang='lat' dir='ltr'>Patres</span> <span class='ocrx_word' id='word_1_253' title='bbox 1181 3744 1448 3821; x_wconf 86' lang='lat' dir='ltr'>utroque</span> <span class='ocrx_word' id='word_1_254' title='bbox 1478 3743 1666 3804; x_wconf 91' lang='lat' dir='ltr'>modo</span> <span class='ocrx_word' id='word_1_255' title='bbox 1698 3760 1836 3805; x_wconf 86' lang='lat' dir='ltr'>esse</span> <span class='ocrx_word' id='word_1_256' title='bbox 1861 3742 2031 3805; x_wconf 89' lang='lat' dir='ltr'>locu-</span> 
     </span>
     <span class='ocr_line' id='line_1_37' title="bbox 463 3834 2035 3913; baseline 0.003 -20"><span class='ocrx_word' id='word_1_257' title='bbox 463 3838 586 3907; x_wconf 77' lang='lat' dir='ltr'>toS‚</span> <span class='ocrx_word' id='word_1_258' title='bbox 611 3838 674 3895; x_wconf 91' lang='lat' dir='ltr'>et</span> <span class='ocrx_word' id='word_1_259' title='bbox 703 3840 1039 3911; x_wconf 87' lang='lat' dir='ltr'>utrumque</span> <span class='ocrx_word' id='word_1_260' title='bbox 1069 3850 1206 3894; x_wconf 85' lang='lat' dir='ltr'>esse</span> <span class='ocrx_word' id='word_1_261' title='bbox 1232 3834 1296 3894; x_wconf 92' lang='lat' dir='ltr'>in</span> <span class='ocrx_word' id='word_1_262' title='bbox 1325 3835 1532 3913; x_wconf 85' lang='lat' dir='ltr'>rigore</span> <span class='ocrx_word' id='word_1_263' title='bbox 1559 3854 1801 3910; x_wconf 88' lang='lat' dir='ltr'>verum,</span> <span class='ocrx_word' id='word_1_264' title='bbox 1831 3836 1880 3896; x_wconf 90' lang='lat' dir='ltr'>si</span> <span class='ocrx_word' id='word_1_265' title='bbox 1901 3854 2035 3898; x_wconf 87' lang='lat' dir='ltr'>rec-</span> 
     </span>
     <span class='ocr_line' id='line_1_38' title="bbox 465 3926 2037 4009; baseline 0.003 -24"><span class='ocrx_word' id='word_1_266' title='bbox 465 3930 526 3987; x_wconf 87' lang='lat' dir='ltr'>te</span> <span class='ocrx_word' id='word_1_267' title='bbox 557 3926 925 4005; x_wconf 82' lang='lat' dir='ltr'>explicetur.</span> <span class='ocrx_word' id='word_1_268' title='bbox 951 3926 1025 3987; x_wconf 88' lang='lat' dir='ltr'>Et</span> <span class='ocrx_word' id='word_1_269' title='bbox 1051 3927 1359 4006; x_wconf 84' lang='lat' dir='ltr'>posterior</span> <span class='ocrx_word' id='word_1_270' title='bbox 1383 3928 1634 4004; x_wconf 87' lang='lat' dir='ltr'>quidem</span> <span class='ocrx_word' id='word_1_271' title='bbox 1663 3928 1894 3990; x_wconf 87' lang='lat' dir='ltr'>locutio</span> <span class='ocrx_word' id='word_1_272' title='bbox 1923 3948 2037 4009; x_wconf 87' lang='lat' dir='ltr'>ap—</span> 
     </span>
     <span class='ocr_line' id='line_1_39' title="bbox 465 4018 2037 4099; baseline 0.004 -22"><span class='ocrx_word' id='word_1_273' title='bbox 465 4019 585 4079; x_wconf 88' lang='lat' dir='ltr'>tior</span> <span class='ocrx_word' id='word_1_274' title='bbox 617 4024 714 4079; x_wconf 87' lang='lat' dir='ltr'>est</span> <span class='ocrx_word' id='word_1_275' title='bbox 745 4018 828 4079; x_wconf 88' lang='lat' dir='ltr'>ad</span> <span class='ocrx_word' id='word_1_276' title='bbox 867 4020 1184 4098; x_wconf 83' lang='lat' dir='ltr'>propriam</span> <span class='ocrx_word' id='word_1_277' title='bbox 1227 4026 1290 4081; x_wconf 88' lang='lat' dir='ltr'>et</span> <span class='ocrx_word' id='word_1_278' title='bbox 1326 4020 1684 4099; x_wconf 85' lang='lat' dir='ltr'>specificam</span> <span class='ocrx_word' id='word_1_279' title='bbox 1725 4022 2037 4083; x_wconf 87' lang='lat' dir='ltr'>rationem</span> 
     </span>
     <span class='ocr_line' id='line_1_40' title="bbox 463 4110 2036 4191; baseline 0.005 -22"><span class='ocrx_word' id='word_1_280' title='bbox 463 4110 604 4170; x_wconf 86' lang='lat' dir='ltr'>talis</span> <span class='ocrx_word' id='word_1_281' title='bbox 633 4110 848 4185; x_wconf 89' lang='lat' dir='ltr'>debiti,</span> <span class='ocrx_word' id='word_1_282' title='bbox 882 4118 946 4172; x_wconf 88' lang='lat' dir='ltr'>et</span> <span class='ocrx_word' id='word_1_283' title='bbox 987 4112 1294 4173; x_wconf 85' lang='lat' dir='ltr'>rationem</span> <span class='ocrx_word' id='word_1_284' title='bbox 1317 4114 1572 4191; x_wconf 58' lang='lat' dir='ltr'>,iustitias</span> <span class='ocrx_word' id='word_1_285' title='bbox 1617 4115 1681 4175; x_wconf 90' lang='lat' dir='ltr'>in</span> <span class='ocrx_word' id='word_1_286' title='bbox 1715 4132 1790 4177; x_wconf 91' lang='lat' dir='ltr'>eo</span> <span class='ocrx_word' id='word_1_287' title='bbox 1813 4114 2036 4177; x_wconf 84' lang='lat' dir='ltr'>funda-</span> 
     </span>
     <span class='ocr_line' id='line_1_41' title="bbox 459 4202 2036 4271; baseline 0.004 -8"><span class='ocrx_word' id='word_1_288' title='bbox 459 4208 594 4263; x_wconf 86' lang='lat' dir='ltr'>tam</span> <span class='ocrx_word' id='word_1_289' title='bbox 634 4202 1103 4264; x_wconf 82' lang='lat' dir='ltr'>declarandam.</span> <span class='ocrx_word' id='word_1_290' title='bbox 1138 4205 1310 4265; x_wconf 86' lang='lat' dir='ltr'>Prior</span> <span class='ocrx_word' id='word_1_291' title='bbox 1350 4223 1498 4266; x_wconf 79' lang='lat' dir='ltr'>vero</span> <span class='ocrx_word' id='word_1_292' title='bbox 1539 4206 1766 4269; x_wconf 89' lang='lat' dir='ltr'>modus</span> <span class='ocrx_word' id='word_1_293' title='bbox 1807 4210 2036 4271; x_wconf 82' lang='lat' dir='ltr'>castior</span> 
     </span>
     <span class='ocr_line' id='line_1_42' title="bbox 463 4296 2033 4381; baseline 0.003 -24"><span class='ocrx_word' id='word_1_294' title='bbox 463 4300 558 4357; x_wconf 89' lang='lat' dir='ltr'>est</span> <span class='ocrx_word' id='word_1_295' title='bbox 587 4300 649 4356; x_wconf 89' lang='lat' dir='ltr'>et</span> <span class='ocrx_word' id='word_1_296' title='bbox 671 4296 873 4375; x_wconf 88' lang='lat' dir='ltr'>aptior</span> <span class='ocrx_word' id='word_1_297' title='bbox 899 4296 982 4356; x_wconf 92' lang='lat' dir='ltr'>ad</span> <span class='ocrx_word' id='word_1_298' title='bbox 1003 4296 1444 4358; x_wconf 80' lang='lat' dir='ltr'>declarandam</span> <span class='ocrx_word' id='word_1_299' title='bbox 1473 4298 1750 4360; x_wconf 86' lang='lat' dir='ltr'>radicem</span> <span class='ocrx_word' id='word_1_300' title='bbox 1783 4308 1844 4362; x_wconf 90' lang='lat' dir='ltr'>et</span> <span class='ocrx_word' id='word_1_301' title='bbox 1865 4302 2033 4381; x_wconf 89' lang='lat' dir='ltr'>prin-</span> 
     </span>
     <span class='ocr_line' id='line_1_43' title="bbox 463 4387 2031 4470; baseline 0.004 -21"><span class='ocrx_word' id='word_1_302' title='bbox 463 4387 728 4466; x_wconf 89' lang='lat' dir='ltr'>cipalem</span> <span class='ocrx_word' id='word_1_303' title='bbox 767 4406 1021 4449; x_wconf 89' lang='lat' dir='ltr'>causam</span> <span class='ocrx_word' id='word_1_304' title='bbox 1061 4390 1202 4451; x_wconf 87' lang='lat' dir='ltr'>talis</span> <span class='ocrx_word' id='word_1_305' title='bbox 1245 4389 1461 4463; x_wconf 85' lang='lat' dir='ltr'>debiti,</span> <span class='ocrx_word' id='word_1_306' title='bbox 1495 4396 1558 4452; x_wconf 92' lang='lat' dir='ltr'>et</span> <span class='ocrx_word' id='word_1_307' title='bbox 1607 4393 1923 4470; x_wconf 88' lang='lat' dir='ltr'>quomodo</span> <span class='ocrx_word' id='word_1_308' title='bbox 1968 4396 2031 4455; x_wconf 89' lang='lat' dir='ltr'>in</span> 
     </span>
     <span class='ocr_line' id='line_1_44' title="bbox 461 4480 2027 4564; baseline 0.004 -23"><span class='ocrx_word' id='word_1_309' title='bbox 461 4480 592 4541; x_wconf 89' lang='lat' dir='ltr'>Deo</span> <span class='ocrx_word' id='word_1_310' title='bbox 633 4480 766 4541; x_wconf 88' lang='lat' dir='ltr'>sine</span> <span class='ocrx_word' id='word_1_311' title='bbox 799 4480 922 4541; x_wconf 87' lang='lat' dir='ltr'>ulla</span> <span class='ocrx_word' id='word_1_312' title='bbox 955 4481 1426 4561; x_wconf 83' lang='lat' dir='ltr'>imperfectione</span> <span class='ocrx_word' id='word_1_313' title='bbox 1461 4484 1684 4545; x_wconf 84' lang='lat' dir='ltr'>cadere</span> <span class='ocrx_word' id='word_1_314' title='bbox 1713 4488 1925 4564; x_wconf 89' lang='lat' dir='ltr'>possit.</span> <span class='ocrx_word' id='word_1_315' title='bbox 1960 4486 2027 4548; x_wconf 88' lang='lat' dir='ltr'>In</span> 
     </span>
     <span class='ocr_line' id='line_1_45' title="bbox 463 4573 2029 4653; baseline 0.005 -20"><span class='ocrx_word' id='word_1_316' title='bbox 463 4573 584 4633; x_wconf 89' lang='lat' dir='ltr'>hoc</span> <span class='ocrx_word' id='word_1_317' title='bbox 604 4591 754 4652; x_wconf 80' lang='lat' dir='ltr'>ergo</span> <span class='ocrx_word' id='word_1_318' title='bbox 781 4590 968 4633; x_wconf 90' lang='lat' dir='ltr'>sensu</span> <span class='ocrx_word' id='word_1_319' title='bbox 993 4581 1184 4653; x_wconf 80' lang='lat' dir='ltr'>negat</span> <span class='ocrx_word' id='word_1_320' title='bbox 1209 4575 1540 4637; x_wconf 80' lang='lat' dir='ltr'>Anselmus</span> <span class='ocrx_word' id='word_1_321' title='bbox 1561 4578 1761 4638; x_wconf 89' lang='lat' dir='ltr'>Deum</span> <span class='ocrx_word' id='word_1_322' title='bbox 1789 4578 2029 4641; x_wconf 87' lang='lat' dir='ltr'>solvere</span> 
     </span>
     <span class='ocr_line' id='line_1_46' title="bbox 461 4665 2033 4745; baseline 0.006 -21"><span class='ocrx_word' id='word_1_323' title='bbox 461 4665 644 4726; x_wconf 86' lang='lat' dir='ltr'>nohis</span> <span class='ocrx_word' id='word_1_324' title='bbox 673 4666 978 4740; x_wconf 86' lang='lat' dir='ltr'>debitum,</span> <span class='ocrx_word' id='word_1_325' title='bbox 1007 4667 1197 4745; x_wconf 87' lang='lat' dir='ltr'>quod,</span> <span class='ocrx_word' id='word_1_326' title='bbox 1229 4668 1481 4742; x_wconf 85' lang='lat' dir='ltr'>seilicet,</span> <span class='ocrx_word' id='word_1_327' title='bbox 1515 4688 1592 4730; x_wconf 83' lang='lat' dir='ltr'>ex</span> <span class='ocrx_word' id='word_1_328' title='bbox 1621 4670 1801 4733; x_wconf 86' lang='lat' dir='ltr'>nobis</span> <span class='ocrx_word' id='word_1_329' title='bbox 1835 4672 1898 4733; x_wconf 89' lang='lat' dir='ltr'>in</span> <span class='ocrx_word' id='word_1_330' title='bbox 1921 4690 2033 4733; x_wconf 87' lang='lat' dir='ltr'>no-</span> 
     </span>
     <span class='ocr_line' id='line_1_47' title="bbox 459 4758 1842 4842; baseline 0.006 -23"><span class='ocrx_word' id='word_1_331' title='bbox 459 4758 558 4819; x_wconf 85' lang='lat' dir='ltr'>his</span> <span class='ocrx_word' id='word_1_332' title='bbox 586 4760 686 4833; x_wconf 89' lang='lat' dir='ltr'>sit,</span> <span class='ocrx_word' id='word_1_333' title='bbox 719 4766 782 4819; x_wconf 90' lang='lat' dir='ltr'>et</span> <span class='ocrx_word' id='word_1_334' title='bbox 808 4778 934 4820; x_wconf 92' lang='lat' dir='ltr'>non</span> <span class='ocrx_word' id='word_1_335' title='bbox 963 4761 1384 4841; x_wconf 87' lang='lat' dir='ltr'>principaliter</span> <span class='ocrx_word' id='word_1_336' title='bbox 1410 4780 1488 4823; x_wconf 85' lang='lat' dir='ltr'>ex</span> <span class='ocrx_word' id='word_1_337' title='bbox 1513 4764 1652 4842; x_wconf 88' lang='lat' dir='ltr'>ipso</span> <span class='ocrx_word' id='word_1_338' title='bbox 1689 4766 1842 4827; x_wconf 93' lang='lat' dir='ltr'>Deo.</span> 
     </span>
    </p>

    <p class='ocr_par' dir='ltr' id='par_1_5' title="bbox 453 4852 2028 5492">
     <span class='ocr_line' id='line_1_48' title="bbox 540 4852 2028 4935; baseline 0.004 -22"><span class='ocrx_word' id='word_1_339' title='bbox 540 4854 602 4913; x_wconf 70' lang='lat'>4.</span> <span class='ocrx_word' id='word_1_340' title='bbox 643 4852 1098 4935; x_wconf 62' lang='lat' dir='ltr'>Expenduntm·</span> <span class='ocrx_word' id='word_1_341' title='bbox 1136 4856 1266 4917; x_wconf 83' lang='lat' dir='ltr'>alia</span> <span class='ocrx_word' id='word_1_342' title='bbox 1304 4856 1482 4917; x_wconf 79' lang='lat' dir='ltr'>verba</span> <span class='ocrx_word' id='word_1_343' title='bbox 1518 4854 1812 4921; x_wconf 70' lang='lat' dir='ltr'>Amelmi.</span> <span class='ocrx_word' id='word_1_344' title='bbox 1843 4858 2028 4919; x_wconf 84' lang='lat' dir='ltr'>-Ex</span> 
     </span>
     <span class='ocr_line' id='line_1_49' title="bbox 453 4944 2027 5029; baseline 0.006 -26"><span class='ocrx_word' id='word_1_345' title='bbox 453 4944 634 5022; x_wconf 84' lang='lat' dir='ltr'>juxta</span> <span class='ocrx_word' id='word_1_346' title='bbox 663 4945 800 5005; x_wconf 83' lang='lat' dir='ltr'>haec</span> <span class='ocrx_word' id='word_1_347' title='bbox 827 4944 1294 5025; x_wconf 86' lang='lat' dir='ltr'>interpretanda</span> <span class='ocrx_word' id='word_1_348' title='bbox 1319 4955 1466 5009; x_wconf 87' lang='lat' dir='ltr'>sunt</span> <span class='ocrx_word' id='word_1_349' title='bbox 1493 4948 1614 5009; x_wconf 85' lang='lat' dir='ltr'>alia</span> <span class='ocrx_word' id='word_1_350' title='bbox 1643 4950 1833 5011; x_wconf 84' lang='lat' dir='ltr'>verba</span> <span class='ocrx_word' id='word_1_351' title='bbox 1861 4952 1918 5029; x_wconf 87' lang='lat' dir='ltr'>ej</span> <span class='ocrx_word' id='word_1_352' title='bbox 1930 4970 2027 5012; x_wconf 85' lang='lat' dir='ltr'>us-</span> 
     </span>
     <span class='ocr_line' id='line_1_50' title="bbox 461 5037 2019 5123; baseline 0.004 -26"><span class='ocrx_word' id='word_1_353' title='bbox 461 5037 609 5097; x_wconf 90' lang='lat' dir='ltr'>dem</span> <span class='ocrx_word' id='word_1_354' title='bbox 635 5038 915 5099; x_wconf 85' lang='lat' dir='ltr'>Anselmi</span> <span class='ocrx_word' id='word_1_355' title='bbox 953 5038 1018 5098; x_wconf 88' lang='lat' dir='ltr'>in</span> <span class='ocrx_word' id='word_1_356' title='bbox 1060 5039 1282 5101; x_wconf 88' lang='lat' dir='ltr'>eodem</span> <span class='ocrx_word' id='word_1_357' title='bbox 1324 5040 1640 5122; x_wconf 87' lang='lat' dir='ltr'>Prosolog.</span> <span class='ocrx_word' id='word_1_358' title='bbox 1663 5086 1683 5117; x_wconf 91' lang='lat'><strong><em>,</em></strong></span> <span class='ocrx_word' id='word_1_359' title='bbox 1721 5062 1858 5123; x_wconf 87' lang='lat' dir='ltr'>cap.</span> <span class='ocrx_word' id='word_1_360' title='bbox 1893 5046 1961 5106; x_wconf 77' lang='lat' dir='ltr'>ss</span> <span class='ocrx_word' id='word_1_361' title='bbox 2004 5062 2019 5103; x_wconf 75' lang='grc' dir='ltr'><strong>ε</strong></span> 
     </span>
     <span class='ocr_line' id='line_1_51' title="bbox 459 5131 2026 5215; baseline 0.004 -22"><span class='ocrx_word' id='word_1_362' title='bbox 459 5132 546 5193; x_wconf 84' lang='lat' dir='ltr'>Id</span> <span class='ocrx_word' id='word_1_363' title='bbox 571 5132 766 5193; x_wconf 70' lang='lat' dir='ltr'>solum</span> <span class='ocrx_word' id='word_1_364' title='bbox 788 5131 1036 5211; x_wconf 71' lang='lat' dir='ltr'>justum</span> <span class='ocrx_word' id='word_1_365' title='bbox 1063 5138 1152 5195; x_wconf 73' lang='lat' dir='ltr'>est</span> <span class='ocrx_word' id='word_1_366' title='bbox 1180 5134 1336 5212; x_wconf 75' lang='lat' dir='ltr'>quod</span> <span class='ocrx_word' id='word_1_367' title='bbox 1369 5131 1482 5208; x_wconf 76' lang='lat' dir='ltr'>vis,</span> <span class='ocrx_word' id='word_1_368' title='bbox 1525 5139 1586 5197; x_wconf 80' lang='lat' dir='ltr'>et</span> <span class='ocrx_word' id='word_1_369' title='bbox 1621 5153 1738 5196; x_wconf 77' lang='lat' dir='ltr'>non</span> <span class='ocrx_word' id='word_1_370' title='bbox 1778 5138 2026 5215; x_wconf 69' lang='lat' dir='ltr'>justum</span> 
     </span>
     <span class='ocr_line' id='line_1_52' title="bbox 459 5222 2023 5305; baseline 0.005 -22"><span class='ocrx_word' id='word_1_371' title='bbox 459 5223 620 5303; x_wconf 78' lang='lat' dir='ltr'>quod</span> <span class='ocrx_word' id='word_1_372' title='bbox 659 5240 776 5285; x_wconf 71' lang='lat' dir='ltr'>non</span> <span class='ocrx_word' id='word_1_373' title='bbox 823 5222 960 5297; x_wconf 57' lang='lat' dir='ltr'>vim</span> <span class='ocrx_word' id='word_1_374' title='bbox 987 5240 1136 5285; x_wconf 87' lang='lat' dir='ltr'>nam</span> <span class='ocrx_word' id='word_1_375' title='bbox 1179 5224 1392 5285; x_wconf 88' lang='lat' dir='ltr'>inillis</span> <span class='ocrx_word' id='word_1_376' title='bbox 1431 5227 1676 5305; x_wconf 89' lang='lat' dir='ltr'>justum</span> <span class='ocrx_word' id='word_1_377' title='bbox 1715 5228 1879 5289; x_wconf 89' lang='lat' dir='ltr'>idem</span> <span class='ocrx_word' id='word_1_378' title='bbox 1927 5234 2023 5291; x_wconf 87' lang='lat' dir='ltr'>est</span> 
     </span>
     <span class='ocr_line' id='line_1_53' title="bbox 459 5314 2021 5399; baseline 0.006 -26"><span class='ocrx_word' id='word_1_379' title='bbox 459 5314 626 5392; x_wconf 88' lang='lat' dir='ltr'>quod</span> <span class='ocrx_word' id='word_1_380' title='bbox 651 5321 957 5388; x_wconf 84' lang='lat' dir='ltr'>sanctum,</span> <span class='ocrx_word' id='word_1_381' title='bbox 991 5317 1347 5389; x_wconf 88' lang='lat' dir='ltr'>honestum,</span> <span class='ocrx_word' id='word_1_382' title='bbox 1379 5317 1652 5393; x_wconf 84' lang='lat' dir='ltr'>licitum;</span> <span class='ocrx_word' id='word_1_383' title='bbox 1685 5338 1810 5399; x_wconf 84' lang='lat' dir='ltr'>quo</span> <span class='ocrx_word' id='word_1_384' title='bbox 1835 5322 2021 5383; x_wconf 88' lang='lat' dir='ltr'>modo</span> 
     </span>
     <span class='ocr_line' id='line_1_54' title="bbox 459 5408 2021 5492; baseline 0.006 -25"><span class='ocrx_word' id='word_1_385' title='bbox 459 5408 862 5469; x_wconf 75' lang='lat' dir='ltr'>manifestum</span> <span class='ocrx_word' id='word_1_386' title='bbox 901 5416 997 5471; x_wconf 86' lang='lat' dir='ltr'>est</span> <span class='ocrx_word' id='word_1_387' title='bbox 1041 5414 1280 5489; x_wconf 84' lang='lat' dir='ltr'>justum</span> <span class='ocrx_word' id='word_1_388' title='bbox 1329 5430 1467 5473; x_wconf 85' lang='lat' dir='ltr'>esse</span> <span class='ocrx_word' id='word_1_389' title='bbox 1509 5412 1808 5492; x_wconf 88' lang='lat' dir='ltr'>quidquid</span> <span class='ocrx_word' id='word_1_390' title='bbox 1859 5416 2021 5477; x_wconf 88' lang='lat' dir='ltr'>Deus</span> 
     </span>
    </p>
   </div>
   <div class='ocr_carea' id='block_1_4' title="bbox 1437 375 2745 435">
    <p class='ocr_par' dir='ltr' id='par_1_6' title="bbox 1437 375 2745 435">
     <span class='ocr_line' id='line_1_55' title="bbox 1437 375 2745 435; baseline 0.002 -3"><span class='ocrx_word' id='word_1_391' title='bbox 1437 377 1650 433; x_wconf 80' lang='lat' dir='ltr'>OPUSC.</span> <span class='ocrx_word' id='word_1_392' title='bbox 1685 379 1772 432; x_wconf 74' lang='lat' dir='ltr'>vl.</span> <span class='ocrx_word' id='word_1_393' title='bbox 1805 375 2176 432; x_wconf 71' lang='lat' dir='ltr'>msetmt&#39;rto</span> <span class='ocrx_word' id='word_1_394' title='bbox 2208 378 2289 431; x_wconf 82' lang='lat' dir='ltr'>DE</span> <span class='ocrx_word' id='word_1_395' title='bbox 2319 376 2595 433; x_wconf 67' lang='lat' dir='ltr'>marma</span> <span class='ocrx_word' id='word_1_396' title='bbox 2627 380 2745 435; x_wconf 76' lang='lat' dir='ltr'>nm.</span> 
     </span>
    </p>
   </div>
   <div class='ocr_carea' id='block_1_5' title="bbox 2100 479 3838 5497">
    <p class='ocr_par' dir='ltr' id='par_1_7' title="bbox 2113 479 3838 3447">
     <span class='ocr_line' id='line_1_56' title="bbox 2134 479 3689 556; baseline 0.001 -15"><span class='ocrx_word' id='word_1_397' title='bbox 2134 483 2243 554; x_wconf 86' lang='lat' dir='ltr'>tet,</span> <span class='ocrx_word' id='word_1_398' title='bbox 2276 485 2412 540; x_wconf 90' lang='lat' dir='ltr'>tum</span> <span class='ocrx_word' id='word_1_399' title='bbox 2464 497 2543 541; x_wconf 88' lang='lat' dir='ltr'>ex</span> <span class='ocrx_word' id='word_1_400' title='bbox 2583 479 2873 542; x_wconf 86' lang='lat' dir='ltr'>omnihus</span> <span class='ocrx_word' id='word_1_401' title='bbox 2912 481 3436 544; x_wconf 72' lang='lat' dir='ltr'>antecedentibus</span> <span class='ocrx_word' id='word_1_402' title='bbox 3470 481 3689 556; x_wconf 74' lang='lat' dir='ltr'>verbis,</span> 
     </span>
     <span class='ocr_line' id='line_1_57' title="bbox 2134 573 3693 654; baseline 0 -20"><span class='ocrx_word' id='word_1_403' title='bbox 2134 573 2197 634; x_wconf 93' lang='lat' dir='ltr'>in</span> <span class='ocrx_word' id='word_1_404' title='bbox 2225 573 2451 654; x_wconf 84' lang='lat' dir='ltr'>quibus</span> <span class='ocrx_word' id='word_1_405' title='bbox 2478 579 2608 634; x_wconf 86' lang='lat' dir='ltr'>tam</span> <span class='ocrx_word' id='word_1_406' title='bbox 2636 573 2859 653; x_wconf 88' lang='lat' dir='ltr'>punire</span> <span class='ocrx_word' id='word_1_407' title='bbox 2888 573 3087 635; x_wconf 89' lang='lat' dir='ltr'>malos</span> <span class='ocrx_word' id='word_1_408' title='bbox 3121 589 3314 653; x_wconf 85' lang='lat' dir='ltr'>quam</span> <span class='ocrx_word' id='word_1_409' title='bbox 3344 573 3471 635; x_wconf 89' lang='lat' dir='ltr'>illis</span> <span class='ocrx_word' id='word_1_410' title='bbox 3495 592 3693 653; x_wconf 86' lang='lat' dir='ltr'>paree-</span> 
     </span>
     <span class='ocr_line' id='line_1_58' title="bbox 2131 665 3693 745; baseline 0.001 -19"><span class='ocrx_word' id='word_1_411' title='bbox 2131 683 2225 738; x_wconf 87' lang='lat' dir='ltr'>re,</span> <span class='ocrx_word' id='word_1_412' title='bbox 2253 665 2401 726; x_wconf 86' lang='lat' dir='ltr'>dicit</span> <span class='ocrx_word' id='word_1_413' title='bbox 2446 685 2584 728; x_wconf 86' lang='lat' dir='ltr'>esse</span> <span class='ocrx_word' id='word_1_414' title='bbox 2608 668 2872 745; x_wconf 85' lang='lat' dir='ltr'>justum,</span> <span class='ocrx_word' id='word_1_415' title='bbox 2904 666 2957 726; x_wconf 90' lang='lat' dir='ltr'>si</span> <span class='ocrx_word' id='word_1_416' title='bbox 2984 668 3152 728; x_wconf 88' lang='lat' dir='ltr'>Deus</span> <span class='ocrx_word' id='word_1_417' title='bbox 3179 667 3317 728; x_wconf 78' lang='lat' dir='ltr'>vult</span> <span class='ocrx_word' id='word_1_418' title='bbox 3344 666 3540 737; x_wconf 86' lang='lat' dir='ltr'>illud;</span> <span class='ocrx_word' id='word_1_419' title='bbox 3574 673 3693 727; x_wconf 87' lang='lat' dir='ltr'>tum</span> 
     </span>
     <span class='ocr_line' id='line_1_59' title="bbox 2130 753 3697 841; baseline 0.001 -20"><span class='ocrx_word' id='word_1_420' title='bbox 2130 775 2207 821; x_wconf 84' lang='lat' dir='ltr'>ex</span> <span class='ocrx_word' id='word_1_421' title='bbox 2240 758 2447 820; x_wconf 81' lang='lat' dir='ltr'>verbis</span> <span class='ocrx_word' id='word_1_422' title='bbox 2476 759 2885 838; x_wconf 88' lang='lat' dir='ltr'>sequentibus</span> <span class='ocrx_word' id='word_1_423' title='bbox 2927 777 2942 818; x_wconf 72' lang='grc' dir='ltr'>ε</span> <span class='ocrx_word' id='word_1_424' title='bbox 2995 753 3109 823; x_wconf 72' lang='lat' dir='ltr'>Sic·</span> <span class='ocrx_word' id='word_1_425' title='bbox 3136 777 3277 841; x_wconf 67' lang='lat' dir='ltr'>erqo</span> <span class='ocrx_word' id='word_1_426' title='bbox 3312 759 3599 822; x_wconf 63' lang='lat' dir='ltr'>nascitur</span> <span class='ocrx_word' id='word_1_427' title='bbox 3638 761 3697 822; x_wconf 75' lang='lat' dir='ltr'>de</span> 
     </span>
     <span class='ocr_line' id='line_1_60' title="bbox 2128 851 3699 934; baseline 0.002 -22"><span class='ocrx_word' id='word_1_428' title='bbox 2128 851 2379 926; x_wconf 67' lang='lat' dir='ltr'>iustitia</span> <span class='ocrx_word' id='word_1_429' title='bbox 2411 856 2519 914; x_wconf 73' lang='lat' dir='ltr'>tua</span> <span class='ocrx_word' id='word_1_430' title='bbox 2542 851 2959 915; x_wconf 75' lang='lat' dir='ltr'>misericordia</span> <span class='ocrx_word' id='word_1_431' title='bbox 2986 857 3114 924; x_wconf 77' lang='lat' dir='ltr'>tua,</span> <span class='ocrx_word' id='word_1_432' title='bbox 3144 854 3293 934; x_wconf 76' lang='lat' dir='ltr'>quia</span> <span class='ocrx_word' id='word_1_433' title='bbox 3318 853 3571 932; x_wconf 70' lang='lat' dir='ltr'>justum</span> <span class='ocrx_word' id='word_1_434' title='bbox 3615 859 3699 915; x_wconf 75' lang='lat' dir='ltr'>est</span> 
     </span>
     <span class='ocr_line' id='line_1_61' title="bbox 2131 941 3691 1026; baseline 0 -20"><span class='ocrx_word' id='word_1_435' title='bbox 2131 949 2189 1006; x_wconf 74' lang='lat' dir='ltr'>te</span> <span class='ocrx_word' id='word_1_436' title='bbox 2238 941 2329 1007; x_wconf 76' lang='lat' dir='ltr'>sic</span> <span class='ocrx_word' id='word_1_437' title='bbox 2371 962 2497 1008; x_wconf 75' lang='lat' dir='ltr'>esso</span> <span class='ocrx_word' id='word_1_438' title='bbox 2532 946 2743 1007; x_wconf 79' lang='lat' dir='ltr'>bonum</span> <span class='ocrx_word' id='word_1_439' title='bbox 2764 990 2781 1017; x_wconf 90' lang='lat'>,</span> <span class='ocrx_word' id='word_1_440' title='bbox 2828 951 2901 1008; x_wconf 75' lang='lat' dir='ltr'>uc</span> <span class='ocrx_word' id='word_1_441' title='bbox 2934 947 2993 1007; x_wconf 75' lang='lat' dir='ltr'>et</span> <span class='ocrx_word' id='word_1_442' title='bbox 3030 947 3335 1026; x_wconf 75' lang='lat' dir='ltr'>parcendo</span> <span class='ocrx_word' id='word_1_443' title='bbox 3362 946 3461 1006; x_wconf 74' lang='lat' dir='ltr'>sis</span> <span class='ocrx_word' id='word_1_444' title='bbox 3495 945 3691 1008; x_wconf 76' lang='lat' dir='ltr'>bonus.</span> 
     </span>
     <span class='ocr_line' id='line_1_62' title="bbox 2130 1037 3697 1116; baseline 0 -18"><span class='ocrx_word' id='word_1_445' title='bbox 2130 1037 2383 1099; x_wconf 87' lang='lat' dir='ltr'>Constat</span> <span class='ocrx_word' id='word_1_446' title='bbox 2411 1038 2578 1098; x_wconf 88' lang='lat' dir='ltr'>enim</span> <span class='ocrx_word' id='word_1_447' title='bbox 2608 1037 3105 1100; x_wconf 80' lang='lat' dir='ltr'>misericordiam</span> <span class='ocrx_word' id='word_1_448' title='bbox 3142 1056 3271 1099; x_wconf 91' lang='lat' dir='ltr'>non</span> <span class='ocrx_word' id='word_1_449' title='bbox 3320 1038 3478 1099; x_wconf 89' lang='lat' dir='ltr'>oriri</span> <span class='ocrx_word' id='word_1_450' title='bbox 3510 1057 3547 1098; x_wconf 83' lang='lat' dir='ltr'>a</span> <span class='ocrx_word' id='word_1_451' title='bbox 3572 1040 3697 1116; x_wconf 87' lang='lat' dir='ltr'>jus-</span> 
     </span>
     <span class='ocr_line' id='line_1_63' title="bbox 2132 1130 3695 1210; baseline -0.001 -19"><span class='ocrx_word' id='word_1_452' title='bbox 2132 1130 2264 1191; x_wconf 90' lang='lat' dir='ltr'>titia</span> <span class='ocrx_word' id='word_1_453' title='bbox 2309 1136 2380 1193; x_wconf 87' lang='lat' dir='ltr'>ut</span> <span class='ocrx_word' id='word_1_454' title='bbox 2422 1136 2519 1192; x_wconf 90' lang='lat' dir='ltr'>est</span> <span class='ocrx_word' id='word_1_455' title='bbox 2558 1131 2832 1210; x_wconf 87' lang='lat' dir='ltr'>speciale</span> <span class='ocrx_word' id='word_1_456' title='bbox 2872 1130 3273 1202; x_wconf 84' lang='lat' dir='ltr'>attributum;</span> <span class='ocrx_word' id='word_1_457' title='bbox 3316 1149 3473 1191; x_wconf 82' lang='lat' dir='ltr'>nam</span> <span class='ocrx_word' id='word_1_458' title='bbox 3502 1133 3695 1210; x_wconf 84' lang='lat' dir='ltr'>potius</span> 
     </span>
     <span class='ocr_line' id='line_1_64' title="bbox 2123 1223 3695 1304; baseline 0.001 -21"><span class='ocrx_word' id='word_1_459' title='bbox 2123 1223 2365 1302; x_wconf 83' lang='lat' dir='ltr'>justitia</span> <span class='ocrx_word' id='word_1_460' title='bbox 2386 1223 2679 1303; x_wconf 87' lang='lat' dir='ltr'>supponit</span> <span class='ocrx_word' id='word_1_461' title='bbox 2708 1223 3201 1304; x_wconf 74' lang='lat' dir='ltr'>misericordiam</span> <span class='ocrx_word' id='word_1_462' title='bbox 3222 1241 3240 1294; x_wconf 85' lang='lat'><strong>;</strong></span> <span class='ocrx_word' id='word_1_463' title='bbox 3264 1223 3509 1284; x_wconf 87' lang='lat' dir='ltr'>nemini</span> <span class='ocrx_word' id='word_1_464' title='bbox 3537 1225 3695 1284; x_wconf 86' lang='lat' dir='ltr'>enim</span> 
     </span>
     <span class='ocr_line' id='line_1_65' title="bbox 2128 1315 3695 1398; baseline -0.002 -20"><span class='ocrx_word' id='word_1_465' title='bbox 2128 1323 2342 1398; x_wconf 79' lang='lat' dir='ltr'>posset</span> <span class='ocrx_word' id='word_1_466' title='bbox 2360 1317 2529 1378; x_wconf 89' lang='lat' dir='ltr'>Deus</span> <span class='ocrx_word' id='word_1_467' title='bbox 2554 1317 2812 1396; x_wconf 87' lang='lat' dir='ltr'>aliquod</span> <span class='ocrx_word' id='word_1_468' title='bbox 2842 1317 3084 1378; x_wconf 82' lang='lat' dir='ltr'>bonum</span> <span class='ocrx_word' id='word_1_469' title='bbox 3116 1335 3193 1376; x_wconf 86' lang='lat' dir='ltr'>ex</span> <span class='ocrx_word' id='word_1_470' title='bbox 3213 1315 3465 1394; x_wconf 85' lang='lat' dir='ltr'>justitia</span> <span class='ocrx_word' id='word_1_471' title='bbox 3488 1316 3695 1376; x_wconf 85' lang='lat' dir='ltr'>redde·</span> 
     </span>
     <span class='ocr_line' id='line_1_66' title="bbox 2126 1407 3693 1488; baseline -0.003 -17"><span class='ocrx_word' id='word_1_472' title='bbox 2126 1428 2218 1483; x_wconf 89' lang='lat' dir='ltr'>re,</span> <span class='ocrx_word' id='word_1_473' title='bbox 2251 1409 2368 1470; x_wconf 91' lang='lat' dir='ltr'>nisi</span> <span class='ocrx_word' id='word_1_474' title='bbox 2398 1409 2572 1488; x_wconf 89' lang='lat' dir='ltr'>prius</span> <span class='ocrx_word' id='word_1_475' title='bbox 2608 1409 2784 1470; x_wconf 88' lang='lat' dir='ltr'>aliud</span> <span class='ocrx_word' id='word_1_476' title='bbox 2810 1427 2889 1471; x_wconf 87' lang='lat' dir='ltr'>ex</span> <span class='ocrx_word' id='word_1_477' title='bbox 2930 1407 3362 1470; x_wconf 85' lang='lat' dir='ltr'>misericordia</span> <span class='ocrx_word' id='word_1_478' title='bbox 3408 1409 3693 1469; x_wconf 84' lang='lat' dir='ltr'>contulis-</span> 
     </span>
     <span class='ocr_line' id='line_1_67' title="bbox 2126 1499 3693 1582; baseline -0.003 -18"><span class='ocrx_word' id='word_1_479' title='bbox 2126 1508 2256 1574; x_wconf 88' lang='lat' dir='ltr'>set;</span> <span class='ocrx_word' id='word_1_480' title='bbox 2299 1501 2573 1580; x_wconf 83' lang='lat' dir='ltr'>loquitur</span> <span class='ocrx_word' id='word_1_481' title='bbox 2610 1520 2761 1582; x_wconf 83' lang='lat' dir='ltr'>ergo</span> <span class='ocrx_word' id='word_1_482' title='bbox 2816 1501 2898 1563; x_wconf 92' lang='lat' dir='ltr'>de</span> <span class='ocrx_word' id='word_1_483' title='bbox 2948 1501 3189 1580; x_wconf 78' lang='lat' dir='ltr'>justitia</span> <span class='ocrx_word' id='word_1_484' title='bbox 3235 1499 3549 1581; x_wconf 84' lang='lat' dir='ltr'>generali,</span> <span class='ocrx_word' id='word_1_485' title='bbox 3594 1519 3693 1560; x_wconf 86' lang='lat' dir='ltr'>seu</span> 
     </span>
     <span class='ocr_line' id='line_1_68' title="bbox 2126 1593 3693 1674; baseline -0.004 -15"><span class='ocrx_word' id='word_1_486' title='bbox 2126 1596 2469 1670; x_wconf 84' lang='lat' dir='ltr'>collectiva,</span> <span class='ocrx_word' id='word_1_487' title='bbox 2508 1607 2629 1673; x_wconf 74' lang='lat' dir='ltr'>pro</span> <span class='ocrx_word' id='word_1_488' title='bbox 2666 1595 2913 1674; x_wconf 85' lang='lat' dir='ltr'>integra</span> <span class='ocrx_word' id='word_1_489' title='bbox 2960 1595 3322 1666; x_wconf 81' lang='lat' dir='ltr'>sanctitate;</span> <span class='ocrx_word' id='word_1_490' title='bbox 3366 1601 3435 1654; x_wconf 87' lang='lat' dir='ltr'>et</span> <span class='ocrx_word' id='word_1_491' title='bbox 3474 1593 3543 1653; x_wconf 90' lang='lat' dir='ltr'>in</span> <span class='ocrx_word' id='word_1_492' title='bbox 3584 1595 3693 1654; x_wconf 90' lang='lat' dir='ltr'>hoc</span> 
     </span>
     <span class='ocr_line' id='line_1_69' title="bbox 2126 1687 3695 1750; baseline -0.003 0"><span class='ocrx_word' id='word_1_493' title='bbox 2126 1705 2315 1750; x_wconf 83' lang='lat' dir='ltr'>sensu</span> <span class='ocrx_word' id='word_1_494' title='bbox 2343 1687 2494 1749; x_wconf 86' lang='lat' dir='ltr'>dicit</span> <span class='ocrx_word' id='word_1_495' title='bbox 2520 1705 2597 1748; x_wconf 88' lang='lat' dir='ltr'>ex</span> <span class='ocrx_word' id='word_1_496' title='bbox 2626 1689 2953 1750; x_wconf 83' lang='lat' dir='ltr'>sanctitate</span> <span class='ocrx_word' id='word_1_497' title='bbox 2998 1687 3110 1750; x_wconf 88' lang='lat' dir='ltr'>Dei</span> <span class='ocrx_word' id='word_1_498' title='bbox 3152 1687 3301 1748; x_wconf 88' lang='lat' dir='ltr'>oriri</span> <span class='ocrx_word' id='word_1_499' title='bbox 3344 1687 3695 1746; x_wconf 84' lang='lat' dir='ltr'>misericor·</span> 
     </span>
     <span class='ocr_line' id='line_1_70' title="bbox 2124 1779 3697 1860; baseline -0.001 -18"><span class='ocrx_word' id='word_1_500' title='bbox 2124 1781 2318 1854; x_wconf 85' lang='lat' dir='ltr'>diam,</span> <span class='ocrx_word' id='word_1_501' title='bbox 2350 1781 2447 1841; x_wconf 78' lang='lat' dir='ltr'>vel</span> <span class='ocrx_word' id='word_1_502' title='bbox 2480 1781 2687 1858; x_wconf 86' lang='lat' dir='ltr'>quoad</span> <span class='ocrx_word' id='word_1_503' title='bbox 2726 1779 3018 1842; x_wconf 78' lang='lat' dir='ltr'>effectum</span> <span class='ocrx_word' id='word_1_504' title='bbox 3042 1827 3059 1854; x_wconf 92' lang='lat'><strong>‚</strong></span> <span class='ocrx_word' id='word_1_505' title='bbox 3102 1780 3201 1841; x_wconf 80' lang='lat' dir='ltr'>vel</span> <span class='ocrx_word' id='word_1_506' title='bbox 3232 1779 3455 1860; x_wconf 88' lang='lat' dir='ltr'>quoad</span> <span class='ocrx_word' id='word_1_507' title='bbox 3484 1797 3697 1840; x_wconf 85' lang='lat' dir='ltr'>conse-</span> 
     </span>
     <span class='ocr_line' id='line_1_71' title="bbox 2124 1872 3697 1952; baseline -0.001 -16"><span class='ocrx_word' id='word_1_508' title='bbox 2124 1875 2463 1947; x_wconf 88' lang='lat' dir='ltr'>cutionem,</span> <span class='ocrx_word' id='word_1_509' title='bbox 2488 1891 2562 1936; x_wconf 84' lang='lat' dir='ltr'>ac</span> <span class='ocrx_word' id='word_1_510' title='bbox 2590 1874 2640 1934; x_wconf 86' lang='lat' dir='ltr'>si</span> <span class='ocrx_word' id='word_1_511' title='bbox 2667 1873 3025 1936; x_wconf 87' lang='lat' dir='ltr'>diceremus</span> <span class='ocrx_word' id='word_1_512' title='bbox 3052 1879 3223 1935; x_wconf 88' lang='lat' dir='ltr'>recte</span> <span class='ocrx_word' id='word_1_513' title='bbox 3252 1873 3439 1952; x_wconf 83' lang='lat' dir='ltr'>sequi</span> <span class='ocrx_word' id='word_1_514' title='bbox 3466 1872 3697 1934; x_wconf 76' lang='lat' dir='ltr'>habere</span> 
     </span>
     <span class='ocr_line' id='line_1_72' title="bbox 2124 1965 3694 2048; baseline -0.001 -20"><span class='ocrx_word' id='word_1_515' title='bbox 2124 1974 2389 2048; x_wconf 85' lang='lat' dir='ltr'>partem,</span> <span class='ocrx_word' id='word_1_516' title='bbox 2446 1967 2553 2046; x_wconf 90' lang='lat' dir='ltr'>qui</span> <span class='ocrx_word' id='word_1_517' title='bbox 2591 1972 2793 2028; x_wconf 87' lang='lat' dir='ltr'>totum</span> <span class='ocrx_word' id='word_1_518' title='bbox 2846 1967 3055 2029; x_wconf 87' lang='lat' dir='ltr'>habet.</span> <span class='ocrx_word' id='word_1_519' title='bbox 3104 1967 3287 2030; x_wconf 86' lang='lat' dir='ltr'>Unde</span> <span class='ocrx_word' id='word_1_520' title='bbox 3344 1985 3499 2027; x_wconf 85' lang='lat' dir='ltr'>cum</span> <span class='ocrx_word' id='word_1_521' title='bbox 3557 1965 3643 2027; x_wconf 87' lang='lat' dir='ltr'>ait</span> <span class='ocrx_word' id='word_1_522' title='bbox 3682 1987 3694 2026; x_wconf 93' lang='lat'>:</span> 
     </span>
     <span class='ocr_line' id='line_1_73' title="bbox 2122 2059 3701 2141; baseline -0.002 -17"><span class='ocrx_word' id='word_1_523' title='bbox 2122 2061 2375 2124; x_wconf 73' lang='lat' dir='ltr'>Juetum</span> <span class='ocrx_word' id='word_1_524' title='bbox 2402 2067 2493 2125; x_wconf 73' lang='lat' dir='ltr'>est</span> <span class='ocrx_word' id='word_1_525' title='bbox 2546 2065 2603 2124; x_wconf 79' lang='lat' dir='ltr'>te</span> <span class='ocrx_word' id='word_1_526' title='bbox 2640 2059 2731 2124; x_wconf 74' lang='lat' dir='ltr'>sic</span> <span class='ocrx_word' id='word_1_527' title='bbox 2756 2077 2885 2123; x_wconf 74' lang='lat' dir='ltr'>esse</span> <span class='ocrx_word' id='word_1_528' title='bbox 2912 2061 3125 2124; x_wconf 71' lang='lat' dir='ltr'>bonum</span> <span class='ocrx_word' id='word_1_529' title='bbox 3142 2105 3161 2135; x_wconf 93' lang='lat'><strong><em>,</em></strong></span> <span class='ocrx_word' id='word_1_530' title='bbox 3200 2065 3277 2124; x_wconf 67' lang='lat' dir='ltr'>ut</span> <span class='ocrx_word' id='word_1_531' title='bbox 3311 2066 3377 2122; x_wconf 79' lang='lat' dir='ltr'>et</span> <span class='ocrx_word' id='word_1_532' title='bbox 3399 2061 3701 2141; x_wconf 77' lang='lat' dir='ltr'>parcendo</span> 
     </span>
     <span class='ocr_line' id='line_1_74' title="bbox 2122 2153 3699 2234; baseline -0.003 -18"><span class='ocrx_word' id='word_1_533' title='bbox 2122 2155 2213 2216; x_wconf 72' lang='lat' dir='ltr'>sis</span> <span class='ocrx_word' id='word_1_534' title='bbox 2238 2153 2447 2227; x_wconf 68' lang='lat' dir='ltr'>bonus,</span> <span class='ocrx_word' id='word_1_535' title='bbox 2476 2153 2736 2234; x_wconf 87' lang='lat' dir='ltr'>perinde</span> <span class='ocrx_word' id='word_1_536' title='bbox 2768 2160 2863 2215; x_wconf 86' lang='lat' dir='ltr'>est</span> <span class='ocrx_word' id='word_1_537' title='bbox 2892 2171 2967 2214; x_wconf 90' lang='lat' dir='ltr'>ac</span> <span class='ocrx_word' id='word_1_538' title='bbox 2994 2153 3047 2212; x_wconf 87' lang='lat' dir='ltr'>si</span> <span class='ocrx_word' id='word_1_539' title='bbox 3074 2153 3313 2214; x_wconf 89' lang='lat' dir='ltr'>diceret</span> <span class='ocrx_word' id='word_1_540' title='bbox 3346 2170 3363 2211; x_wconf 78' lang='lat' dir='ltr'>t</span> <span class='ocrx_word' id='word_1_541' title='bbox 3400 2153 3699 2213; x_wconf 85' lang='lat' dir='ltr'>Sanctum</span> 
     </span>
     <span class='ocr_line' id='line_1_75' title="bbox 2122 2245 3697 2327; baseline -0.004 -17"><span class='ocrx_word' id='word_1_542' title='bbox 2122 2252 2240 2318; x_wconf 85' lang='lat' dir='ltr'>est,</span> <span class='ocrx_word' id='word_1_543' title='bbox 2288 2265 2401 2308; x_wconf 90' lang='lat' dir='ltr'>seu</span> <span class='ocrx_word' id='word_1_544' title='bbox 2440 2253 2565 2310; x_wconf 79' lang='lat' dir='ltr'>tuoe</span> <span class='ocrx_word' id='word_1_545' title='bbox 2606 2247 2971 2327; x_wconf 84' lang='lat' dir='ltr'>perfectioni</span> <span class='ocrx_word' id='word_1_546' title='bbox 3012 2245 3331 2315; x_wconf 83' lang='lat' dir='ltr'>debitum;</span> <span class='ocrx_word' id='word_1_547' title='bbox 3386 2261 3523 2304; x_wconf 87' lang='lat' dir='ltr'>non</span> <span class='ocrx_word' id='word_1_548' title='bbox 3556 2261 3697 2322; x_wconf 80' lang='lat' dir='ltr'>ergo</span> 
     </span>
     <span class='ocr_line' id='line_1_76' title="bbox 2122 2337 3699 2420; baseline -0.003 -20"><span class='ocrx_word' id='word_1_549' title='bbox 2122 2341 2401 2420; x_wconf 88' lang='lat' dir='ltr'>loquitur</span> <span class='ocrx_word' id='word_1_550' title='bbox 2427 2341 2759 2402; x_wconf 80' lang='lat' dir='ltr'>Anselmus</span> <span class='ocrx_word' id='word_1_551' title='bbox 2786 2339 2867 2400; x_wconf 90' lang='lat' dir='ltr'>de</span> <span class='ocrx_word' id='word_1_552' title='bbox 2894 2338 3149 2418; x_wconf 85' lang='lat' dir='ltr'>speciali</span> <span class='ocrx_word' id='word_1_553' title='bbox 3190 2337 3501 2398; x_wconf 83' lang='lat' dir='ltr'>attributo</span> <span class='ocrx_word' id='word_1_554' title='bbox 3520 2338 3699 2415; x_wconf 85' lang='lat' dir='ltr'>justi-</span> 
     </span>
     <span class='ocr_line' id='line_1_77' title="bbox 2121 2429 3691 2510; baseline -0.004 -16"><span class='ocrx_word' id='word_1_555' title='bbox 2121 2434 2249 2494; x_wconf 80' lang='lat' dir='ltr'>tiae.</span> <span class='ocrx_word' id='word_1_556' title='bbox 2280 2433 2357 2494; x_wconf 87' lang='lat' dir='ltr'>Et</span> <span class='ocrx_word' id='word_1_557' title='bbox 2394 2432 2605 2494; x_wconf 87' lang='lat' dir='ltr'>adhuc</span> <span class='ocrx_word' id='word_1_558' title='bbox 2658 2433 2723 2493; x_wconf 91' lang='lat' dir='ltr'>in</span> <span class='ocrx_word' id='word_1_559' title='bbox 2762 2431 2867 2493; x_wconf 89' lang='lat' dir='ltr'>illo</span> <span class='ocrx_word' id='word_1_560' title='bbox 2908 2449 3120 2503; x_wconf 89' lang='lat' dir='ltr'>sensu,</span> <span class='ocrx_word' id='word_1_561' title='bbox 3154 2429 3511 2510; x_wconf 84' lang='lat' dir='ltr'>propositio</span> <span class='ocrx_word' id='word_1_562' title='bbox 3548 2429 3647 2488; x_wconf 80' lang='lat' dir='ltr'>illa</span> <span class='ocrx_word' id='word_1_563' title='bbox 3677 2448 3691 2488; x_wconf 75' lang='grc' dir='ltr'>ε</span> 
     </span>
     <span class='ocr_line' id='line_1_78' title="bbox 2119 2522 3695 2606; baseline -0.004 -18"><span class='ocrx_word' id='word_1_564' title='bbox 2119 2526 2369 2590; x_wconf 72' lang='lat' dir='ltr'>Iustum</span> <span class='ocrx_word' id='word_1_565' title='bbox 2398 2530 2491 2588; x_wconf 73' lang='lat' dir='ltr'>est</span> <span class='ocrx_word' id='word_1_566' title='bbox 2518 2527 2674 2606; x_wconf 74' lang='lat' dir='ltr'>quod</span> <span class='ocrx_word' id='word_1_567' title='bbox 2700 2527 2820 2597; x_wconf 75' lang='lat' dir='ltr'>vis,</span> <span class='ocrx_word' id='word_1_568' title='bbox 2852 2525 3047 2602; x_wconf 85' lang='lat' dir='ltr'>accipi</span> <span class='ocrx_word' id='word_1_569' title='bbox 3072 2528 3303 2602; x_wconf 88' lang='lat' dir='ltr'>potest,</span> <span class='ocrx_word' id='word_1_570' title='bbox 3330 2522 3439 2583; x_wconf 77' lang='lat' dir='ltr'>vel</span> <span class='ocrx_word' id='word_1_571' title='bbox 3462 2523 3527 2582; x_wconf 91' lang='lat' dir='ltr'>in</span> <span class='ocrx_word' id='word_1_572' title='bbox 3562 2523 3695 2582; x_wconf 88' lang='lat' dir='ltr'>sim-</span> 
     </span>
     <span class='ocr_line' id='line_1_79' title="bbox 2122 2615 3691 2698; baseline -0.003 -19"><span class='ocrx_word' id='word_1_573' title='bbox 2122 2620 2273 2698; x_wconf 82' lang='lat' dir='ltr'>plici</span> <span class='ocrx_word' id='word_1_574' title='bbox 2310 2637 2501 2680; x_wconf 88' lang='lat' dir='ltr'>sensu</span> <span class='ocrx_word' id='word_1_575' title='bbox 2530 2619 2922 2690; x_wconf 86' lang='lat' dir='ltr'>affirmativo,</span> <span class='ocrx_word' id='word_1_576' title='bbox 2968 2635 3081 2678; x_wconf 87' lang='lat' dir='ltr'>seu</span> <span class='ocrx_word' id='word_1_577' title='bbox 3116 2615 3197 2678; x_wconf 90' lang='lat' dir='ltr'>de</span> <span class='ocrx_word' id='word_1_578' title='bbox 3240 2617 3483 2678; x_wconf 84' lang='lat' dir='ltr'>inesse.</span> <span class='ocrx_word' id='word_1_579' title='bbox 3514 2617 3588 2676; x_wconf 82' lang='lat' dir='ltr'>Et</span> <span class='ocrx_word' id='word_1_580' title='bbox 3614 2615 3691 2676; x_wconf 88' lang='lat' dir='ltr'>sic</span> 
     </span>
     <span class='ocr_line' id='line_1_80' title="bbox 2122 2710 3686 2792; baseline -0.003 -18"><span class='ocrx_word' id='word_1_581' title='bbox 2122 2719 2219 2774; x_wconf 91' lang='lat' dir='ltr'>est</span> <span class='ocrx_word' id='word_1_582' title='bbox 2238 2731 2355 2792; x_wconf 90' lang='lat' dir='ltr'>per</span> <span class='ocrx_word' id='word_1_583' title='bbox 2382 2730 2449 2773; x_wconf 90' lang='lat' dir='ltr'>se</span> <span class='ocrx_word' id='word_1_584' title='bbox 2479 2717 2647 2787; x_wconf 85' lang='lat' dir='ltr'>nota,</span> <span class='ocrx_word' id='word_1_585' title='bbox 2678 2711 2825 2791; x_wconf 87' lang='lat' dir='ltr'>quia</span> <span class='ocrx_word' id='word_1_586' title='bbox 2861 2712 3027 2772; x_wconf 87' lang='lat' dir='ltr'>Deus</span> <span class='ocrx_word' id='word_1_587' title='bbox 3054 2710 3208 2770; x_wconf 87' lang='lat' dir='ltr'>nihil</span> <span class='ocrx_word' id='word_1_588' title='bbox 3252 2711 3423 2770; x_wconf 75' lang='lat' dir='ltr'>velle</span> <span class='ocrx_word' id='word_1_589' title='bbox 3470 2715 3686 2790; x_wconf 80' lang='lat' dir='ltr'>potest,</span> 
     </span>
     <span class='ocr_line' id='line_1_81' title="bbox 2120 2803 3691 2885; baseline -0.001 -20"><span class='ocrx_word' id='word_1_590' title='bbox 2120 2806 2239 2866; x_wconf 87' lang='lat' dir='ltr'>nisi</span> <span class='ocrx_word' id='word_1_591' title='bbox 2262 2807 2430 2885; x_wconf 87' lang='lat' dir='ltr'>juste</span> <span class='ocrx_word' id='word_1_592' title='bbox 2482 2810 2545 2866; x_wconf 91' lang='lat' dir='ltr'>et</span> <span class='ocrx_word' id='word_1_593' title='bbox 2590 2811 2827 2867; x_wconf 86' lang='lat' dir='ltr'>sancte.</span> <span class='ocrx_word' id='word_1_594' title='bbox 2876 2803 2989 2865; x_wconf 91' lang='lat' dir='ltr'>Vel</span> <span class='ocrx_word' id='word_1_595' title='bbox 3025 2805 3215 2865; x_wconf 86' lang='lat' dir='ltr'>etiam</span> <span class='ocrx_word' id='word_1_596' title='bbox 3254 2803 3461 2882; x_wconf 82' lang='lat' dir='ltr'>accipi</span> <span class='ocrx_word' id='word_1_597' title='bbox 3494 2809 3691 2882; x_wconf 83' lang='lat' dir='ltr'>potest</span> 
     </span>
     <span class='ocr_line' id='line_1_82' title="bbox 2120 2894 3688 2978; baseline -0.003 -18"><span class='ocrx_word' id='word_1_598' title='bbox 2120 2900 2185 2960; x_wconf 91' lang='lat' dir='ltr'>in</span> <span class='ocrx_word' id='word_1_599' title='bbox 2224 2917 2413 2971; x_wconf 72' lang='lat' dir='ltr'>sensu</span> <span class='ocrx_word' id='word_1_600' title='bbox 2442 2899 2700 2970; x_wconf 87' lang='lat' dir='ltr'>causali,</span> <span class='ocrx_word' id='word_1_601' title='bbox 2730 2897 2795 2958; x_wconf 88' lang='lat' dir='ltr'>id</span> <span class='ocrx_word' id='word_1_602' title='bbox 2824 2903 2940 2968; x_wconf 87' lang='lat' dir='ltr'>est,</span> <span class='ocrx_word' id='word_1_603' title='bbox 2982 2897 3140 2978; x_wconf 72' lang='lat' dir='ltr'>quod</span> <span class='ocrx_word' id='word_1_604' title='bbox 3164 2897 3259 2958; x_wconf 74' lang='lat' dir='ltr'>vis</span> <span class='ocrx_word' id='word_1_605' title='bbox 3294 2894 3431 2958; x_wconf 72' lang='lat' dir='ltr'>ideo</span> <span class='ocrx_word' id='word_1_606' title='bbox 3450 2897 3688 2975; x_wconf 71' lang='lat' dir='ltr'>justum</span> 
     </span>
     <span class='ocr_line' id='line_1_83' title="bbox 2119 2986 3687 3073; baseline -0.005 -18"><span class='ocrx_word' id='word_1_607' title='bbox 2119 2997 2235 3064; x_wconf 71' lang='lat' dir='ltr'>est,</span> <span class='ocrx_word' id='word_1_608' title='bbox 2262 2993 2407 3073; x_wconf 72' lang='lat' dir='ltr'>quia</span> <span class='ocrx_word' id='word_1_609' title='bbox 2435 2996 2503 3054; x_wconf 73' lang='lat' dir='ltr'>tu</span> <span class='ocrx_word' id='word_1_610' title='bbox 2526 2990 2688 3054; x_wconf 72' lang='lat' dir='ltr'>illud</span> <span class='ocrx_word' id='word_1_611' title='bbox 2712 2989 2827 3053; x_wconf 70' lang='lat' dir='ltr'>vis.</span> <span class='ocrx_word' id='word_1_612' title='bbox 2871 2990 2949 3050; x_wconf 87' lang='lat' dir='ltr'>Et</span> <span class='ocrx_word' id='word_1_613' title='bbox 2988 2991 3053 3049; x_wconf 90' lang='lat' dir='ltr'>in</span> <span class='ocrx_word' id='word_1_614' title='bbox 3092 2989 3215 3049; x_wconf 87' lang='lat' dir='ltr'>hoc</span> <span class='ocrx_word' id='word_1_615' title='bbox 3244 3006 3446 3050; x_wconf 85' lang='lat' dir='ltr'>sensu</span> <span class='ocrx_word' id='word_1_616' title='bbox 3488 2986 3687 3048; x_wconf 80' lang='lat' dir='ltr'>decla-</span> 
     </span>
     <span class='ocr_line' id='line_1_84' title="bbox 2118 3082 3687 3166; baseline -0.003 -19"><span class='ocrx_word' id='word_1_617' title='bbox 2118 3085 2361 3147; x_wconf 82' lang='lat' dir='ltr'>ratione</span> <span class='ocrx_word' id='word_1_618' title='bbox 2400 3084 2669 3166; x_wconf 80' lang='lat' dir='ltr'>indiget3</span> <span class='ocrx_word' id='word_1_619' title='bbox 2708 3101 2859 3146; x_wconf 83' lang='lat' dir='ltr'>nam</span> <span class='ocrx_word' id='word_1_620' title='bbox 2886 3082 3183 3164; x_wconf 78' lang='lat' dir='ltr'>quoedam</span> <span class='ocrx_word' id='word_1_621' title='bbox 3220 3087 3377 3145; x_wconf 85' lang='lat' dir='ltr'>sunt</span> <span class='ocrx_word' id='word_1_622' title='bbox 3416 3083 3687 3145; x_wconf 84' lang='lat' dir='ltr'>actiones</span> 
     </span>
     <span class='ocr_line' id='line_1_85' title="bbox 2116 3180 3685 3263; baseline -0.002 -21"><span class='ocrx_word' id='word_1_623' title='bbox 2116 3198 2233 3263; x_wconf 91' lang='lat' dir='ltr'>per</span> <span class='ocrx_word' id='word_1_624' title='bbox 2254 3198 2321 3242; x_wconf 86' lang='lat' dir='ltr'>se</span> <span class='ocrx_word' id='word_1_625' title='bbox 2350 3182 2435 3243; x_wconf 81' lang='lat' dir='ltr'>ita</span> <span class='ocrx_word' id='word_1_626' title='bbox 2460 3181 2761 3251; x_wconf 66' lang='lat' dir='ltr'>honestis,</span> <span class='ocrx_word' id='word_1_627' title='bbox 2794 3186 2863 3241; x_wconf 83' lang='lat' dir='ltr'>ut</span> <span class='ocrx_word' id='word_1_628' title='bbox 2878 3180 3189 3259; x_wconf 80' lang='lat' dir='ltr'>objective</span> <span class='ocrx_word' id='word_1_629' title='bbox 3214 3186 3493 3259; x_wconf 81' lang='lat' dir='ltr'>sumptae</span> <span class='ocrx_word' id='word_1_630' title='bbox 3510 3180 3685 3259; x_wconf 63' lang='lat' dir='ltr'>justas</span> 
     </span>
     <span class='ocr_line' id='line_1_86' title="bbox 2114 3274 3685 3353; baseline -0.001 -17"><span class='ocrx_word' id='word_1_631' title='bbox 2114 3274 2239 3336; x_wconf 87' lang='lat' dir='ltr'>sint</span> <span class='ocrx_word' id='word_1_632' title='bbox 2268 3292 2383 3353; x_wconf 90' lang='lat' dir='ltr'>per</span> <span class='ocrx_word' id='word_1_633' title='bbox 2414 3292 2553 3335; x_wconf 87' lang='lat' dir='ltr'>sese</span> <span class='ocrx_word' id='word_1_634' title='bbox 2576 3280 2639 3335; x_wconf 87' lang='lat' dir='ltr'>et</span> <span class='ocrx_word' id='word_1_635' title='bbox 2668 3292 2745 3335; x_wconf 84' lang='lat' dir='ltr'>ex</span> <span class='ocrx_word' id='word_1_636' title='bbox 2772 3274 3024 3353; x_wconf 87' lang='lat' dir='ltr'>propria</span> <span class='ocrx_word' id='word_1_637' title='bbox 3047 3279 3300 3346; x_wconf 83' lang='lat' dir='ltr'>natura,</span> <span class='ocrx_word' id='word_1_638' title='bbox 3330 3278 3401 3335; x_wconf 87' lang='lat' dir='ltr'>et</span> <span class='ocrx_word' id='word_1_639' title='bbox 3430 3290 3563 3333; x_wconf 87' lang='lat' dir='ltr'>non</span> <span class='ocrx_word' id='word_1_640' title='bbox 3600 3290 3685 3334; x_wconf 86' lang='lat' dir='ltr'>so·</span> 
     </span>
     <span class='ocr_line' id='line_1_87' title="bbox 2113 3366 3838 3447; baseline -0.002 -18"><span class='ocrx_word' id='word_1_641' title='bbox 2113 3368 2246 3429; x_wconf 90' lang='lat' dir='ltr'>lum</span> <span class='ocrx_word' id='word_1_642' title='bbox 2274 3367 2421 3447; x_wconf 79' lang='lat' dir='ltr'>quia</span> <span class='ocrx_word' id='word_1_643' title='bbox 2442 3369 2610 3429; x_wconf 85' lang='lat' dir='ltr'>Deus</span> <span class='ocrx_word' id='word_1_644' title='bbox 2630 3366 2763 3428; x_wconf 84' lang='lat' dir='ltr'>vult</span> <span class='ocrx_word' id='word_1_645' title='bbox 2788 3366 2947 3427; x_wconf 75' lang='lat' dir='ltr'>illae.</span> <span class='ocrx_word' id='word_1_646' title='bbox 3837 3396 3838 3443; x_wconf 52' lang='lat' dir='ltr'>l</span> 
     </span>
    </p>

    <p class='ocr_par' dir='ltr' id='par_1_8' title="bbox 2100 3458 3686 5497">
     <span class='ocr_line' id='line_1_88' title="bbox 2194 3458 3680 3541; baseline -0.002 -19"><span class='ocrx_word' id='word_1_647' title='bbox 2194 3463 2255 3522; x_wconf 76' lang='lat'>5.</span> <span class='ocrx_word' id='word_1_648' title='bbox 2303 3459 2695 3541; x_wconf 83' lang='lat' dir='ltr'>Quapropter</span> <span class='ocrx_word' id='word_1_649' title='bbox 2720 3460 3059 3521; x_wconf 84' lang='lat' dir='ltr'>obscurum</span> <span class='ocrx_word' id='word_1_650' title='bbox 3104 3466 3220 3533; x_wconf 86' lang='lat' dir='ltr'>est,</span> <span class='ocrx_word' id='word_1_651' title='bbox 3254 3458 3438 3539; x_wconf 87' lang='lat' dir='ltr'>qnod</span> <span class='ocrx_word' id='word_1_652' title='bbox 3467 3458 3680 3520; x_wconf 79' lang='lat' dir='ltr'>Ansel-</span> 
     </span>
     <span class='ocr_line' id='line_1_89' title="bbox 2114 3550 3683 3633; baseline -0.001 -18"><span class='ocrx_word' id='word_1_653' title='bbox 2114 3570 2259 3616; x_wconf 87' lang='lat' dir='ltr'>mus</span> <span class='ocrx_word' id='word_1_654' title='bbox 2296 3553 2665 3633; x_wconf 82' lang='lat' dir='ltr'>subjungit:</span> <span class='ocrx_word' id='word_1_655' title='bbox 2704 3550 2877 3625; x_wconf 72' lang='lat' dir='ltr'>Quod</span> <span class='ocrx_word' id='word_1_656' title='bbox 2908 3568 3028 3614; x_wconf 67' lang='lat' dir='ltr'>non</span> <span class='ocrx_word' id='word_1_657' title='bbox 3068 3552 3165 3615; x_wconf 71' lang='lat' dir='ltr'>vis</span> <span class='ocrx_word' id='word_1_658' title='bbox 3208 3552 3527 3632; x_wconf 68' lang='lat' dir='ltr'>injutum</span> <span class='ocrx_word' id='word_1_659' title='bbox 3562 3556 3683 3623; x_wconf 65' lang='grc' dir='ltr'><em>εστ,-</em></span> 
     </span>
     <span class='ocr_line' id='line_1_90' title="bbox 2114 3645 3686 3724; baseline -0.001 -18"><span class='ocrx_word' id='word_1_660' title='bbox 2114 3647 2311 3707; x_wconf 85' lang='lat' dir='ltr'>multa</span> <span class='ocrx_word' id='word_1_661' title='bbox 2350 3646 2517 3707; x_wconf 85' lang='lat' dir='ltr'>enim</span> <span class='ocrx_word' id='word_1_662' title='bbox 2562 3663 2690 3705; x_wconf 89' lang='lat' dir='ltr'>non</span> <span class='ocrx_word' id='word_1_663' title='bbox 2714 3645 2848 3706; x_wconf 75' lang='lat' dir='ltr'>vult</span> <span class='ocrx_word' id='word_1_664' title='bbox 2882 3647 3077 3719; x_wconf 88' lang='lat' dir='ltr'>Deus,</span> <span class='ocrx_word' id='word_1_665' title='bbox 3108 3662 3251 3724; x_wconf 73' lang='lat' dir='ltr'>quse</span> <span class='ocrx_word' id='word_1_666' title='bbox 3278 3661 3413 3704; x_wconf 87' lang='lat' dir='ltr'>non</span> <span class='ocrx_word' id='word_1_667' title='bbox 3444 3650 3686 3723; x_wconf 86' lang='lat' dir='ltr'>propte-</span> 
     </span>
     <span class='ocr_line' id='line_1_91' title="bbox 2114 3738 3685 3819; baseline -0.001 -20"><span class='ocrx_word' id='word_1_668' title='bbox 2114 3758 2227 3801; x_wconf 82' lang='lat' dir='ltr'>rea</span> <span class='ocrx_word' id='word_1_669' title='bbox 2244 3738 2427 3801; x_wconf 65' lang='lat' dir='ltr'>mala</span> <span class='ocrx_word' id='word_1_670' title='bbox 2460 3744 2603 3800; x_wconf 87' lang='lat' dir='ltr'>sunt</span> <span class='ocrx_word' id='word_1_671' title='bbox 2646 3754 2759 3799; x_wconf 88' lang='lat' dir='ltr'>seu</span> <span class='ocrx_word' id='word_1_672' title='bbox 2786 3740 3051 3819; x_wconf 84' lang='lat' dir='ltr'>injusta,</span> <span class='ocrx_word' id='word_1_673' title='bbox 3082 3738 3197 3799; x_wconf 90' lang='lat' dir='ltr'>sed</span> <span class='ocrx_word' id='word_1_674' title='bbox 3231 3742 3533 3817; x_wconf 86' lang='lat' dir='ltr'>possunt·</span> <span class='ocrx_word' id='word_1_675' title='bbox 3554 3754 3685 3797; x_wconf 85' lang='lat' dir='ltr'>esse</span> 
     </span>
     <span class='ocr_line' id='line_1_92' title="bbox 2115 3829 3683 3910; baseline -0.003 -18"><span class='ocrx_word' id='word_1_676' title='bbox 2115 3832 2217 3893; x_wconf 81' lang='lat' dir='ltr'>vel</span> <span class='ocrx_word' id='word_1_677' title='bbox 2238 3830 2679 3906; x_wconf 84' lang='lat' dir='ltr'>indifferentia,</span> <span class='ocrx_word' id='word_1_678' title='bbox 2710 3832 2811 3893; x_wconf 80' lang='lat' dir='ltr'>vel</span> <span class='ocrx_word' id='word_1_679' title='bbox 2843 3833 3035 3893; x_wconf 83' lang='lat' dir='ltr'>etiam</span> <span class='ocrx_word' id='word_1_680' title='bbox 3056 3831 3269 3910; x_wconf 75' lang='lat' dir='ltr'>justa3</span> <span class='ocrx_word' id='word_1_681' title='bbox 3308 3834 3375 3891; x_wconf 87' lang='lat' dir='ltr'>et</span> <span class='ocrx_word' id='word_1_682' title='bbox 3406 3829 3683 3910; x_wconf 74' lang='lat' dir='ltr'>quamvis</span> 
     </span>
     <span class='ocr_line' id='line_1_93' title="bbox 2114 3924 3685 4003; baseline -0.003 -16"><span class='ocrx_word' id='word_1_683' title='bbox 2114 3924 2283 3987; x_wconf 84' lang='lat' dir='ltr'>Deus</span> <span class='ocrx_word' id='word_1_684' title='bbox 2312 3944 2441 3987; x_wconf 91' lang='lat' dir='ltr'>non</span> <span class='ocrx_word' id='word_1_685' title='bbox 2466 3924 2615 3987; x_wconf 78' lang='lat' dir='ltr'>velit</span> <span class='ocrx_word' id='word_1_686' title='bbox 2644 3924 2885 3986; x_wconf 80' lang='lat' dir='ltr'>salvare</span> <span class='ocrx_word' id='word_1_687' title='bbox 2910 3924 3163 3999; x_wconf 72' lang='lat' dir='ltr'>sudam,</span> <span class='ocrx_word' id='word_1_688' title='bbox 3194 3942 3326 3985; x_wconf 90' lang='lat' dir='ltr'>non</span> <span class='ocrx_word' id='word_1_689' title='bbox 3352 3928 3685 4003; x_wconf 80' lang='lat' dir='ltr'>propterea</span> 
     </span>
     <span class='ocr_line' id='line_1_94' title="bbox 2116 4020 3683 4101; baseline -0.003 -20"><span class='ocrx_word' id='word_1_690' title='bbox 2116 4022 2417 4101; x_wconf 87' lang='lat' dir='ltr'>injustum</span> <span class='ocrx_word' id='word_1_691' title='bbox 2446 4024 2613 4082; x_wconf 87' lang='lat' dir='ltr'>esset</span> <span class='ocrx_word' id='word_1_692' title='bbox 2652 4036 2799 4081; x_wconf 88' lang='lat' dir='ltr'>eum</span> <span class='ocrx_word' id='word_1_693' title='bbox 2827 4020 3106 4091; x_wconf 78' lang='lat' dir='ltr'>salvare3</span> <span class='ocrx_word' id='word_1_694' title='bbox 3142 4026 3491 4099; x_wconf 83' lang='lat' dir='ltr'>possetque</span> <span class='ocrx_word' id='word_1_695' title='bbox 3526 4020 3683 4079; x_wconf 83' lang='lat' dir='ltr'>Deus</span> 
     </span>
     <span class='ocr_line' id='line_1_95' title="bbox 2114 4112 3683 4192; baseline -0.002 -18"><span class='ocrx_word' id='word_1_696' title='bbox 2114 4112 2183 4175; x_wconf 88' lang='lat' dir='ltr'>id</span> <span class='ocrx_word' id='word_1_697' title='bbox 2208 4113 2389 4187; x_wconf 78' lang='lat' dir='ltr'>velle,</span> <span class='ocrx_word' id='word_1_698' title='bbox 2414 4114 2587 4174; x_wconf 82' lang='lat' dir='ltr'>salva</span> <span class='ocrx_word' id='word_1_699' title='bbox 2606 4113 2871 4192; x_wconf 80' lang='lat' dir='ltr'>justitia,</span> <span class='ocrx_word' id='word_1_700' title='bbox 2900 4112 2967 4173; x_wconf 90' lang='lat' dir='ltr'>id</span> <span class='ocrx_word' id='word_1_701' title='bbox 2994 4118 3111 4185; x_wconf 82' lang='lat' dir='ltr'>est,</span> <span class='ocrx_word' id='word_1_702' title='bbox 3148 4113 3381 4173; x_wconf 81' lang='lat' dir='ltr'>virtute</span> <span class='ocrx_word' id='word_1_703' title='bbox 3414 4117 3480 4173; x_wconf 87' lang='lat' dir='ltr'>et</span> <span class='ocrx_word' id='word_1_704' title='bbox 3510 4129 3683 4172; x_wconf 84' lang='lat' dir='ltr'>sanc-</span> 
     </span>
     <span class='ocr_line' id='line_1_96' title="bbox 2116 4203 3685 4286; baseline -0.003 -18"><span class='ocrx_word' id='word_1_705' title='bbox 2116 4208 2315 4268; x_wconf 83' lang='lat' dir='ltr'>titate.</span> <span class='ocrx_word' id='word_1_706' title='bbox 2346 4206 2805 4286; x_wconf 86' lang='lat' dir='ltr'>Respondetur,</span> <span class='ocrx_word' id='word_1_707' title='bbox 2840 4223 2983 4267; x_wconf 87' lang='lat' dir='ltr'>cum</span> <span class='ocrx_word' id='word_1_708' title='bbox 3012 4203 3349 4267; x_wconf 80' lang='lat' dir='ltr'>Anselmus</span> <span class='ocrx_word' id='word_1_709' title='bbox 3390 4205 3481 4266; x_wconf 83' lang='lat' dir='ltr'>ait</span> <span class='ocrx_word' id='word_1_710' title='bbox 3506 4204 3570 4265; x_wconf 90' lang='lat' dir='ltr'>id</span> <span class='ocrx_word' id='word_1_711' title='bbox 3592 4222 3685 4263; x_wconf 83' lang='lat' dir='ltr'>so-</span> 
     </span>
     <span class='ocr_line' id='line_1_97' title="bbox 2112 4296 3678 4378; baseline -0.002 -19"><span class='ocrx_word' id='word_1_712' title='bbox 2112 4300 2245 4359; x_wconf 90' lang='lat' dir='ltr'>lum</span> <span class='ocrx_word' id='word_1_713' title='bbox 2276 4318 2415 4361; x_wconf 88' lang='lat' dir='ltr'>esse</span> <span class='ocrx_word' id='word_1_714' title='bbox 2436 4300 2701 4378; x_wconf 87' lang='lat' dir='ltr'>justum,</span> <span class='ocrx_word' id='word_1_715' title='bbox 2736 4298 2907 4378; x_wconf 88' lang='lat' dir='ltr'>quod</span> <span class='ocrx_word' id='word_1_716' title='bbox 2942 4300 3115 4359; x_wconf 90' lang='lat' dir='ltr'>Deus</span> <span class='ocrx_word' id='word_1_717' title='bbox 3140 4298 3295 4371; x_wconf 79' lang='lat' dir='ltr'>vult,</span> <span class='ocrx_word' id='word_1_718' title='bbox 3328 4296 3399 4359; x_wconf 88' lang='lat' dir='ltr'>id</span> <span class='ocrx_word' id='word_1_719' title='bbox 3424 4296 3678 4377; x_wconf 85' lang='lat' dir='ltr'>intelligi</span> 
     </span>
     <span class='ocr_line' id='line_1_98' title="bbox 2110 4389 3683 4472; baseline -0.003 -19"><span class='ocrx_word' id='word_1_720' title='bbox 2110 4410 2323 4472; x_wconf 86' lang='lat' dir='ltr'>posse,</span> <span class='ocrx_word' id='word_1_721' title='bbox 2370 4394 2474 4453; x_wconf 80' lang='lat' dir='ltr'>vel</span> <span class='ocrx_word' id='word_1_722' title='bbox 2505 4398 2793 4470; x_wconf 86' lang='lat' dir='ltr'>respectu</span> <span class='ocrx_word' id='word_1_723' title='bbox 2836 4392 3031 4472; x_wconf 86' lang='lat' dir='ltr'>ipsius</span> <span class='ocrx_word' id='word_1_724' title='bbox 3070 4391 3207 4463; x_wconf 89' lang='lat' dir='ltr'>Dei,</span> <span class='ocrx_word' id='word_1_725' title='bbox 3250 4389 3357 4451; x_wconf 83' lang='lat' dir='ltr'>vel</span> <span class='ocrx_word' id='word_1_726' title='bbox 3394 4397 3683 4469; x_wconf 84' lang='lat' dir='ltr'>respectu</span> 
     </span>
     <span class='ocr_line' id='line_1_99' title="bbox 2112 4482 3681 4565; baseline -0.002 -20"><span class='ocrx_word' id='word_1_727' title='bbox 2112 4486 2329 4547; x_wconf 89' lang='lat' dir='ltr'>nostri.</span> <span class='ocrx_word' id='word_1_728' title='bbox 2364 4486 2440 4546; x_wconf 88' lang='lat' dir='ltr'>Et</span> <span class='ocrx_word' id='word_1_729' title='bbox 2464 4484 2656 4565; x_wconf 90' lang='lat' dir='ltr'>priori</span> <span class='ocrx_word' id='word_1_730' title='bbox 2706 4483 2895 4546; x_wconf 87' lang='lat' dir='ltr'>modo</span> <span class='ocrx_word' id='word_1_731' title='bbox 2950 4486 3173 4563; x_wconf 88' lang='lat' dir='ltr'>(quem</span> <span class='ocrx_word' id='word_1_732' title='bbox 3222 4483 3567 4545; x_wconf 84' lang='lat' dir='ltr'>Anselmus</span> <span class='ocrx_word' id='word_1_733' title='bbox 3592 4482 3681 4542; x_wconf 87' lang='lat' dir='ltr'>in-</span> 
     </span>
     <span class='ocr_line' id='line_1_100' title="bbox 2112 4576 3681 4657; baseline -0.003 -18"><span class='ocrx_word' id='word_1_734' title='bbox 2112 4578 2374 4640; x_wconf 79' lang='lat' dir='ltr'>tendere</span> <span class='ocrx_word' id='word_1_735' title='bbox 2408 4578 2691 4657; x_wconf 80' lang='lat' dir='ltr'>videtur)</span> <span class='ocrx_word' id='word_1_736' title='bbox 2718 4577 3033 4657; x_wconf 86' lang='lat' dir='ltr'>duplicem</span> <span class='ocrx_word' id='word_1_737' title='bbox 3068 4576 3263 4637; x_wconf 84' lang='lat' dir='ltr'>habet</span> <span class='ocrx_word' id='word_1_738' title='bbox 3292 4594 3555 4637; x_wconf 85' lang='lat' dir='ltr'>sensum</span> <span class='ocrx_word' id='word_1_739' title='bbox 3580 4594 3681 4635; x_wconf 77' lang='lat' dir='ltr'>ve-</span> 
     </span>
     <span class='ocr_line' id='line_1_101' title="bbox 2110 4670 3677 4750; baseline -0.003 -17"><span class='ocrx_word' id='word_1_740' title='bbox 2110 4690 2275 4733; x_wconf 87' lang='lat' dir='ltr'>rum.</span> <span class='ocrx_word' id='word_1_741' title='bbox 2303 4672 2477 4733; x_wconf 87' lang='lat' dir='ltr'>Prior</span> <span class='ocrx_word' id='word_1_742' title='bbox 2499 4678 2617 4745; x_wconf 90' lang='lat' dir='ltr'>est,</span> <span class='ocrx_word' id='word_1_743' title='bbox 2645 4671 2711 4732; x_wconf 90' lang='lat' dir='ltr'>id</span> <span class='ocrx_word' id='word_1_744' title='bbox 2738 4672 2941 4737; x_wconf 83' lang='lat' dir='ltr'>solum</span> <span class='ocrx_word' id='word_1_745' title='bbox 2970 4671 3141 4750; x_wconf 88' lang='lat' dir='ltr'>quod</span> <span class='ocrx_word' id='word_1_746' title='bbox 3162 4670 3327 4731; x_wconf 87' lang='lat' dir='ltr'>Deus</span> <span class='ocrx_word' id='word_1_747' title='bbox 3356 4670 3517 4741; x_wconf 78' lang='lat' dir='ltr'>vult,</span> <span class='ocrx_word' id='word_1_748' title='bbox 3547 4686 3677 4729; x_wconf 84' lang='lat' dir='ltr'>essc</span> 
     </span>
     <span class='ocr_line' id='line_1_102' title="bbox 2111 4762 3679 4844; baseline -0.003 -19"><span class='ocrx_word' id='word_1_749' title='bbox 2111 4765 2535 4827; x_wconf 87' lang='lat' dir='ltr'>necessarium</span> <span class='ocrx_word' id='word_1_750' title='bbox 2588 4765 2671 4826; x_wconf 87' lang='lat' dir='ltr'>ad</span> <span class='ocrx_word' id='word_1_751' title='bbox 2716 4762 3057 4844; x_wconf 81' lang='lat' dir='ltr'>perfectam</span> <span class='ocrx_word' id='word_1_752' title='bbox 3091 4764 3403 4842; x_wconf 82' lang='lat' dir='ltr'>justitiam</span> <span class='ocrx_word' id='word_1_753' title='bbox 3434 4764 3590 4841; x_wconf 80' lang='lat' dir='ltr'>ejus,</span> <span class='ocrx_word' id='word_1_754' title='bbox 3621 4770 3679 4822; x_wconf 87' lang='lat' dir='ltr'>et</span> 
     </span>
     <span class='ocr_line' id='line_1_103' title="bbox 2112 4854 3679 4937; baseline -0.003 -18"><span class='ocrx_word' id='word_1_755' title='bbox 2112 4858 2281 4937; x_wconf 90' lang='lat' dir='ltr'>(cum</span> <span class='ocrx_word' id='word_1_756' title='bbox 2306 4858 2529 4919; x_wconf 90' lang='lat' dir='ltr'>eadem</span> <span class='ocrx_word' id='word_1_757' title='bbox 2566 4857 2967 4937; x_wconf 87' lang='lat' dir='ltr'>proportione</span> <span class='ocrx_word' id='word_1_758' title='bbox 2996 4857 3259 4918; x_wconf 86' lang='lat' dir='ltr'>alteram</span> <span class='ocrx_word' id='word_1_759' title='bbox 3291 4860 3543 4935; x_wconf 82' lang='lat' dir='ltr'>partem</span> <span class='ocrx_word' id='word_1_760' title='bbox 3588 4854 3679 4915; x_wconf 88' lang='lat' dir='ltr'>in·</span> 
     </span>
     <span class='ocr_line' id='line_1_104' title="bbox 2104 4948 3673 5031; baseline -0.004 -18"><span class='ocrx_word' id='word_1_761' title='bbox 2104 4950 2495 5031; x_wconf 77' lang='lat' dir='ltr'>telligendo)‚</span> <span class='ocrx_word' id='word_1_762' title='bbox 2527 4949 2699 5029; x_wconf 81' lang='lat' dir='ltr'>quod</span> <span class='ocrx_word' id='word_1_763' title='bbox 2733 4968 2861 5011; x_wconf 91' lang='lat' dir='ltr'>non</span> <span class='ocrx_word' id='word_1_764' title='bbox 2897 4948 3051 5023; x_wconf 80' lang='lat' dir='ltr'>vult,</span> <span class='ocrx_word' id='word_1_765' title='bbox 3100 4967 3231 5009; x_wconf 91' lang='lat' dir='ltr'>non</span> <span class='ocrx_word' id='word_1_766' title='bbox 3276 4954 3375 5009; x_wconf 87' lang='lat' dir='ltr'>est</span> <span class='ocrx_word' id='word_1_767' title='bbox 3410 4949 3673 5028; x_wconf 83' lang='lat' dir='ltr'>justum,</span> 
     </span>
     <span class='ocr_line' id='line_1_105' title="bbox 2106 5042 3670 5121; baseline -0.004 -16"><span class='ocrx_word' id='word_1_768' title='bbox 2106 5044 2171 5105; x_wconf 90' lang='lat' dir='ltr'>id</span> <span class='ocrx_word' id='word_1_769' title='bbox 2198 5050 2315 5117; x_wconf 89' lang='lat' dir='ltr'>est,</span> <span class='ocrx_word' id='word_1_770' title='bbox 2342 5062 2469 5105; x_wconf 90' lang='lat' dir='ltr'>non</span> <span class='ocrx_word' id='word_1_771' title='bbox 2498 5048 2593 5103; x_wconf 90' lang='lat' dir='ltr'>est</span> <span class='ocrx_word' id='word_1_772' title='bbox 2614 5042 3041 5103; x_wconf 84' lang='lat' dir='ltr'>necessarium</span> <span class='ocrx_word' id='word_1_773' title='bbox 3070 5042 3153 5103; x_wconf 87' lang='lat' dir='ltr'>ad</span> <span class='ocrx_word' id='word_1_774' title='bbox 3181 5044 3321 5121; x_wconf 86' lang='lat' dir='ltr'>ejus</span> <span class='ocrx_word' id='word_1_775' title='bbox 3341 5042 3670 5120; x_wconf 84' lang='lat' dir='ltr'>justitiam.</span> 
     </span>
     <span class='ocr_line' id='line_1_106' title="bbox 2104 5134 3677 5198; baseline -0.003 0"><span class='ocrx_word' id='word_1_776' title='bbox 2104 5136 2180 5198; x_wconf 87' lang='lat' dir='ltr'>Et</span> <span class='ocrx_word' id='word_1_777' title='bbox 2214 5138 2280 5197; x_wconf 92' lang='lat' dir='ltr'>in</span> <span class='ocrx_word' id='word_1_778' title='bbox 2324 5134 2549 5197; x_wconf 89' lang='lat' dir='ltr'>eodem</span> <span class='ocrx_word' id='word_1_779' title='bbox 2593 5152 2786 5196; x_wconf 87' lang='lat' dir='ltr'>sensu</span> <span class='ocrx_word' id='word_1_780' title='bbox 2834 5134 3025 5196; x_wconf 84' lang='lat' dir='ltr'>habet</span> <span class='ocrx_word' id='word_1_781' title='bbox 3070 5153 3185 5195; x_wconf 90' lang='lat' dir='ltr'>suo</span> <span class='ocrx_word' id='word_1_782' title='bbox 3235 5134 3429 5196; x_wconf 89' lang='lat' dir='ltr'>modo</span> <span class='ocrx_word' id='word_1_783' title='bbox 3470 5134 3677 5196; x_wconf 89' lang='lat' dir='ltr'>locum</span> 
     </span>
     <span class='ocr_line' id='line_1_107' title="bbox 2106 5226 3673 5307; baseline -0.004 -16"><span class='ocrx_word' id='word_1_784' title='bbox 2106 5228 2373 5291; x_wconf 85' lang='lat' dir='ltr'>causalis</span> <span class='ocrx_word' id='word_1_785' title='bbox 2409 5228 2675 5301; x_wconf 63' lang='lat' dir='ltr'>locatim</span> <span class='ocrx_word' id='word_1_786' title='bbox 2732 5246 2880 5289; x_wconf 83' lang='lat' dir='ltr'>nam</span> <span class='ocrx_word' id='word_1_787' title='bbox 2924 5226 3211 5289; x_wconf 86' lang='lat' dir='ltr'>absolute</span> <span class='ocrx_word' id='word_1_788' title='bbox 3256 5226 3340 5287; x_wconf 87' lang='lat' dir='ltr'>ad</span> <span class='ocrx_word' id='word_1_789' title='bbox 3369 5226 3673 5307; x_wconf 83' lang='lat' dir='ltr'>justitiam</span> 
     </span>
     <span class='ocr_line' id='line_1_108' title="bbox 2104 5320 3671 5401; baseline -0.003 -18"><span class='ocrx_word' id='word_1_790' title='bbox 2104 5322 2211 5385; x_wconf 89' lang='lat' dir='ltr'>Dei</span> <span class='ocrx_word' id='word_1_791' title='bbox 2240 5341 2371 5384; x_wconf 91' lang='lat' dir='ltr'>non</span> <span class='ocrx_word' id='word_1_792' title='bbox 2404 5329 2499 5385; x_wconf 87' lang='lat' dir='ltr'>est</span> <span class='ocrx_word' id='word_1_793' title='bbox 2526 5326 2949 5385; x_wconf 86' lang='lat' dir='ltr'>necessarium</span> <span class='ocrx_word' id='word_1_794' title='bbox 2976 5320 3215 5401; x_wconf 84' lang='lat' dir='ltr'>aliquid</span> <span class='ocrx_word' id='word_1_795' title='bbox 3242 5328 3425 5383; x_wconf 81' lang='lat' dir='ltr'>extra</span> <span class='ocrx_word' id='word_1_796' title='bbox 3454 5340 3525 5382; x_wconf 89' lang='lat' dir='ltr'>se</span> <span class='ocrx_word' id='word_1_797' title='bbox 3548 5320 3671 5380; x_wconf 80' lang='lat' dir='ltr'>vel-</span> 
     </span>
     <span class='ocr_line' id='line_1_109' title="bbox 2100 5411 3665 5497; baseline -0.003 -20"><span class='ocrx_word' id='word_1_798' title='bbox 2100 5416 2182 5478; x_wconf 90' lang='lat' dir='ltr'>le.</span> <span class='ocrx_word' id='word_1_799' title='bbox 2214 5418 2289 5477; x_wconf 87' lang='lat' dir='ltr'>Et</span> <span class='ocrx_word' id='word_1_800' title='bbox 2326 5416 2493 5492; x_wconf 82' lang='lat' dir='ltr'>ideo,</span> <span class='ocrx_word' id='word_1_801' title='bbox 2524 5417 2695 5497; x_wconf 85' lang='lat' dir='ltr'>quod</span> <span class='ocrx_word' id='word_1_802' title='bbox 2736 5420 2855 5477; x_wconf 92' lang='lat' dir='ltr'>hoc</span> <span class='ocrx_word' id='word_1_803' title='bbox 2900 5414 3000 5477; x_wconf 80' lang='lat' dir='ltr'>vel</span> <span class='ocrx_word' id='word_1_804' title='bbox 3046 5413 3201 5476; x_wconf 86' lang='lat' dir='ltr'>illud</span> <span class='ocrx_word' id='word_1_805' title='bbox 3227 5416 3549 5494; x_wconf 80' lang='lat' dir='ltr'>pertineat</span> <span class='ocrx_word' id='word_1_806' title='bbox 3590 5411 3665 5473; x_wconf 86' lang='lat' dir='ltr'>ad</span> 
     </span>
    </p>
   </div>
   <div class='ocr_carea' id='block_1_6' title="bbox 456 5503 3661 5590">
    <p class='ocr_par' dir='ltr' id='par_1_9' title="bbox 456 5503 3661 5590">
     <span class='ocr_line' id='line_1_110' title="bbox 456 5503 3661 5590; baseline 0.001 -26"><span class='ocrx_word' id='word_1_807' title='bbox 456 5503 607 5565; x_wconf 59' lang='lat' dir='ltr'>vult.</span> <span class='ocrx_word' id='word_1_808' title='bbox 644 5503 822 5565; x_wconf 84' lang='lat' dir='ltr'>Hunc</span> <span class='ocrx_word' id='word_1_809' title='bbox 851 5511 1242 5567; x_wconf 82' lang='lat' dir='ltr'>autem·esse</span> <span class='ocrx_word' id='word_1_810' title='bbox 1279 5524 1536 5568; x_wconf 88' lang='lat' dir='ltr'>sensum</span> <span class='ocrx_word' id='word_1_811' title='bbox 1565 5508 1884 5569; x_wconf 74' lang='lat' dir='ltr'>evidenter</span> <span class='ocrx_word' id='word_1_812' title='bbox 1911 5526 2019 5589; x_wconf 86' lang='lat' dir='ltr'>pa·</span> <span class='ocrx_word' id='word_1_813' title='bbox 2092 5511 2400 5589; x_wconf 84' lang='lat' dir='ltr'>justitiam</span> <span class='ocrx_word' id='word_1_814' title='bbox 2450 5512 2587 5590; x_wconf 85' lang='lat' dir='ltr'>ejus</span> <span class='ocrx_word' id='word_1_815' title='bbox 2611 5554 2627 5583; x_wconf 87' lang='lat'>‚</span> <span class='ocrx_word' id='word_1_816' title='bbox 2679 5527 2807 5571; x_wconf 91' lang='lat' dir='ltr'>non</span> <span class='ocrx_word' id='word_1_817' title='bbox 2836 5512 2931 5571; x_wconf 87' lang='lat' dir='ltr'>est</span> <span class='ocrx_word' id='word_1_818' title='bbox 2959 5507 3077 5569; x_wconf 88' lang='lat' dir='ltr'>nisi</span> <span class='ocrx_word' id='word_1_819' title='bbox 3118 5526 3199 5569; x_wconf 85' lang='lat' dir='ltr'>ex</span> <span class='ocrx_word' id='word_1_820' title='bbox 3240 5508 3661 5589; x_wconf 86' lang='lat' dir='ltr'>suppositione</span> 
     </span>
    </p>
   </div>
  </div>
 </body>
</html>
