3850 6225
536 351 653 440 ,gs

534 505 639 548 mo
670 491 741 547 ut
781 485 1145 548 occasiones
1174 487 1339 548 illius
1388 489 1536 549 mali
1570 488 1715 562 sint,
1746 487 1859 549 sed
1885 486 2106 567 proevi·

534 579 693 640 dens
737 578 861 640 tale
908 579 1148 640 malum
1174 599 1253 642 ex
1282 581 1389 642 illo
1423 581 1613 656 bone,
1658 581 1829 659 quod
1860 582 1993 661 ipse
2017 579 2102 640 fa·

534 673 636 746 cit,
688 671 823 734 fore
856 673 1395 753 consequendum,
1422 693 1551 736 non
1592 693 1668 735 ex
1692 675 1938 736 actione
1961 691 2100 748 sua,

536 765 649 827 sed
701 785 779 826 ex
822 766 1093 826 hominis
1120 765 1380 827 malitia.
1423 767 1767 829 Audiamus
1812 768 2106 848 Augusti-

531 879 711 935 num‚
728 859 807 922 de
837 861 1033 924 Praed.
1054 869 1119 922 et
1142 867 1329 940 grat„
1346 881 1401 922 c.
1434 864 1497 934 4,
1520 862 1605 922 ita
1626 863 2022 936 scribentem,
2041 865 2106 923 et

534 961 954 1035 exponentem
984 957 1175 1017 verba
1200 956 1598 1023 Pauli.Rom.
1632 959 1672 1032 9
1698 973 1713 1016 :
1748 955 2096 1031 Qusmvult,

534 1050 822 1112 indurat:
844 1049 991 1114 Non
1014 1047 1107 1114 ita
1132 1047 1589 1131 intolliqendum
1600 1055 1708 1125 ost,
1734 1051 1913 1132 quasi
1937 1050 2102 1112 Deus

534 1142 601 1204 in
628 1142 863 1205 homine
886 1143 1107 1224 ipsam,
1140 1161 1274 1224 qua·
1298 1159 1419 1204 non
1445 1147 1618 1215 esset,
1646 1143 1940 1206 dua-itiam
1979 1159 2107 1206 cor-

535 1235 631 1298 dis
652 1239 947 1317 operetur.
982 1234 1141 1309 Quid
1165 1237 1325 1297 enim
1340 1235 1513 1298 aliud
1533 1239 1625 1298 ost
1650 1236 1907 1308 ‹lm-itia,
1926 1253 2108 1316 quam

537 1328 653 1392 Dei
706 1328 941 1390 obviare
976 1325 1331 1390 mandatis?
1356 1333 1419 1388 et
1446 1333 1589 1408 post
1614 1327 1811 1389 multa
1850 1328 2106 1388 conclu-

536 1419 625 1480 dit
656 1438 669 1479 :
714 1421 1023 1483 Induraro
1059 1421 1223 1483 Deus
1242 1421 1475 1484 dicitur
1510 1439 1645 1483 eum
1670 1437 1841 1502 quem
1868 1420 2108 1484 mollire

535 1513 803 1576 noluerit
824 1539 851 1586 ;
883 1513 974 1576 sio
994 1513 1175 1578 etiam
1192 1531 1491 1578 soeooeoare
1514 1514 1743 1578 dicitur
1758 1531 1893 1576 sum
1937 1531 2107 1594 quem

538 1606 895 1669 illuminare
930 1606 1215 1670 noluerit.
1256 1607 1439 1668 Plura
1468 1607 1689 1668 similia
1712 1607 1905 1668 habet
1931 1606 2039 1666 lib.
2071 1609 2096 1666 1

541 1699 623 1760 ad
644 1699 892 1778 simpl„
922 1717 984 1778 q.
1019 1701 1080 1772 2,
1104 1705 1283 1761 tract.
1316 1701 1561 1762 decimo
1582 1700 1765 1762 tertio
1794 1701 1858 1760 in
1884 1701 2098 1774 Joan.,

542 1793 721 1872 epist.
782 1793 1125 1854 centesima
1164 1793 1406 1856 decima
1442 1794 1700 1874 quinta;
1734 1795 2105 1873 chrysosto-

544 1903 708 1958 muS,
752 1885 969 1946 homil.
1026 1887 1105 1948 67
1144 1888 1210 1949 in
1250 1889 1462 1961 Joan.,
1510 1889 1627 1948 ΗΒ
1675 1887 1738 1947 in
1784 1889 1825 1948 Ξ
1865 1886 1949 1947 ad
1993 1887 2105 1948 Co·

542 1979 730 2040 rinth.
772 1981 853 2040 42
882 1999 897 2052 ;
950 1981 1196 2053 Isidor.,
1224 1981 1333 2041 lib.
1382 1983 1411 2041 1
1446 1979 1525 2042 de
1555 1981 1798 2042 Summ.
1826 1980 2004 2052 bon.,
2032 1997 2086 2040 c.

544 2075 663 2145 193
694 2073 1018 2152 Origenes,
1054 2075 1267 2135 homil.
1291 2076 1331 2135 2
1359 2075 1422 2135 in
1450 2075 1591 2136 libr.
1624 2073 1856 2146 suffic„
1891 2091 1946 2134 c.
1983 2076 2048 2134 ll
2079 2093 2094 2146 ;

543 2172 605 2227 et
650 2165 829 2228 divus
856 2167 1148 2243 Thomas,
1191 2171 1245 2228 l.
1280 2170 1341 2243 2,
1390 2174 1605 2247 quaest.
1641 2167 2106 2248 septuagesima

544 2277 737 2321 nona.

626 2355 725 2415 10.
762 2353 1041 2418 Assertio
1067 2356 1718 2428 octava—Praeterea,
1744 2353 2108 2416 addendum

546 2452 641 2507 est
662 2445 863 2507 Deum
914 2465 1029 2508 suo
1072 2454 1305 2510 aeterno
1340 2447 1597 2510 consilio
1640 2453 1703 2508 et
1726 2447 1891 2508 intra
1918 2465 1988 2508 se
2015 2447 2108 2526 ip-

546 2559 687 2600 sum
716 2585 731 2614 ‚
784 2546 855 2600 ut
890 2540 977 2601 sic
1008 2540 1253 2620 loquar,
1283 2559 1412 2603 non
1442 2540 1794 2602 decrevisse
1821 2539 2106 2601 absolute

548 2639 611 2694 et
634 2633 1015 2714 simpliciter,
1044 2633 1391 2715 praesertim
1416 2640 1561 2696 ante
1580 2633 1934 2695 absolutam
1945 2651 2110 2714 prae-

548 2727 871 2788 scientiam
904 2727 1260 2790 futurorum
1284 2773 1299 2800 ,
1330 2733 1403 2789 ut
1455 2733 1711 2808 peccata
1760 2745 1877 2788 seu
1931 2730 2108 2789 actus

546 2820 695 2882 mali
724 2819 951 2882 flerent
982 2840 999 2894 ;
1046 2827 1110 2882 et
1134 2821 1357 2882 eodem
1406 2838 1597 2882 sensu
1646 2819 1985 2882 dicendum
2013 2826 2108 2883 est

544 2914 745 2975 Deum
776 2931 905 2974 non
931 2914 1419 2994 praedefinivisse
1466 2915 1579 2976 hos
1606 2919 1805 2976 actus.
1840 2915 1988 2976 Haec
2014 2915 2108 2976 vi·-

546 3007 773 3069 dentur
798 3006 1003 3088 colligi
1028 3025 1107 3070 ex
1130 3006 1492 3070 definitione
1502 3007 1760 3070 concilii
1786 3008 2108 3070 IIArausi-

546 3101 711 3175 cani,
746 3105 809 3163 et
835 3119 913 3162 ex
928 3102 1245 3163 communi
1259 3101 1592 3163 traditione
1622 3101 1992 3163 Sanctorum
2019 3102 2106 3165 ita

546 3194 1025 3275 intelligentium
1054 3195 1426 3275 scripturae,
1444 3212 1585 3275 quas
1608 3194 1689 3257 de
1716 3194 1837 3256 hac
1862 3213 1934 3257 re
1961 3200 2108 3257 sunt

548 3290 739 3351 etiam
788 3288 1332 3367 frequentissimae.
1366 3288 1759 3368 Quapropter
1786 3332 1805 3363 ,
1850 3286 2105 3367 quando

548 3382 867 3462 Scriptura
895 3381 975 3443 de
1003 3380 1436 3461 peccatoribus
1460 3380 1543 3442 ita
1572 3380 1881 3459 loquitur:
1935 3379 2110 3444 Fecs-

549 3480 701 3539 nmt
734 3492 870 3557 qua·
896 3474 1217 3539 omilium
1242 3480 1417 3539 tuum
1450 3480 1511 3539 st
1533 3491 1752 3538 manus
1777 3479 1889 3555 tue
1910 3475 2110 3537 deors·

548 3574 765 3633 verunt
788 3568 950 3647 fiori,
972 3586 1103 3629 non
1130 3573 1393 3649 possunt
1420 3568 1644 3629 similia
1668 3567 1863 3629 verba
1888 3566 2108 3629 referri

550 3661 633 3724 ad
656 3667 835 3723 actus
863 3667 1289 3743 peccatorum,
1324 3661 1491 3723 etad
1526 3660 1824 3722 auxilium
1860 3666 1925 3723 et
1971 3678 2112 3741 pro·

546 3753 909 3827 videntium,
940 3770 1070 3833 qua
1099 3754 1270 3817 Deus
1307 3760 1603 3834 procurat
1628 3758 1689 3815 et
1715 3752 1863 3816 facit
1890 3760 1964 3815 ut
2001 3754 2111 3815 ho-

547 3848 753 3909 mines
800 3848 959 3909 tales
1004 3853 1181 3910 actus
1234 3846 1485 3909 faciant.
1540 3850 1875 3928 Nunquam
1940 3846 2110 3911 enim

552 3939 765 4003 Sancti
790 3941 1003 4003 Patres
1038 3940 1431 4003 tradiderunt
1468 3942 1639 4003 hunc
1670 3958 1950 4015 sensum,
1995 3958 2110 4001 ne-

549 4052 673 4114 que
702 4038 799 4095 est
834 4037 1297 4097 consentaneus
1318 4034 1545 4097 divinae
1570 4034 1889 4114 sapientias
1912 4039 1978 4096 et
2000 4034 2110 4096 bo·

546 4127 743 4189 nitati.
776 4126 1127 4189 Referenda
1154 4144 1305 4207 ergo
1341 4133 1487 4189 sunt
1514 4127 1739 4189 similia
1784 4124 1982 4189 verba
2027 4126 2110 4188 ad

548 4221 872 4301 passiones
920 4220 1140 4295 bonaS,
1176 4220 1276 4281 vel
1324 4220 1583 4283 effectus
1613 4220 1905 4300 optimos,
1949 4237 2110 4299 quos

546 4314 711 4375 Deus
758 4313 925 4375 elicit
978 4331 1056 4375 ex
1116 4313 1323 4393 pravis
1372 4313 1703 4375 hominum
1764 4311 2107 4374 voluntati-

548 4406 687 4467 buS.

628 4497 906 4564 Assertio
933 4516 1114 4561 nona.
1139 4530 1222 4546 -
1244 4498 1551 4563 Notabile.
1568 4498 2106 4575 -Nihilominus,

550 4593 834 4653 absolute
862 4591 1257 4653 verissimum
1284 4598 1379 4653 est
1410 4592 1609 4651 Deum
1636 4591 1873 4653 habere
1902 4592 2111 4673 provi-

548 4685 825 4747 dentiam
848 4684 1156 4746 malorum
1179 4690 1433 4746 actuum
1462 4685 1527 4746 in
1554 4684 1935 4764 particulari.
1965 4686 2113 4759 Quae

550 4779 777 4839 veritas
830 4778 980 4839 satis
1034 4784 1129 4839 est
1170 4778 1237 4838 in
1275 4776 1704 4856 superioribus
1754 4778 2106 4853 declarata;

553 4878 1001 4952 ostensumque
1032 4877 1147 4945 est,
1180 4870 1261 4932 ad
1290 4871 1453 4933 hanc
1494 4870 1980 4951 providentiam,
1999 4890 2117 4935 ne-

550 4967 887 5028 cessariam
934 4983 1063 5026 non
1116 4982 1254 5026 esse
1303 4963 1581 5026 divinam
1628 4964 2112 5044 praefinitionem

552 5064 661 5121 aut
690 5057 1423 5139 praedeteminationem.
1456 5057 1534 5119 Ut
1557 5074 1706 5118 vero
1736 5058 2112 5138 ambiguitas

548 5152 935 5213 locutionum
972 5150 1240 5224 tollatur,
1284 5148 1911 5211 animadvertendum
1941 5152 2114 5214 vide·

548 5250 673 5318 tur,
702 5244 873 5307 aliud
900 5242 1234 5323 significari
1268 5242 1365 5303 his
1400 5242 1693 5304 vocibus:
1736 5243 1905 5304 Deus
1919 5244 2112 5307 habet

549 5339 1005 5422 providentiam
1052 5338 1361 5399 malorum
1408 5341 1662 5398 actuum
1698 5356 1713 5409 ς
1744 5336 1917 5399 aliud
1955 5356 2106 5401 vero

550 5434 649 5495 his
677 5453 690 5493 ε
724 5434 894 5494 Deus
915 5430 1199 5513 providet
1244 5435 1313 5491 ut
1346 5430 1469 5491 sint
1494 5436 1753 5510 peccata
1790 5431 1891 5491 vel
1933 5435 2110 5493 actus

548 5527 717 5588 mali.
766 5528 921 5587 Nam
962 5525 1083 5586 boc
1132 5524 1463 5603 posteriori
1511 5542 1799 5587 sermone
1826 5525 2108 5587 absolute

1098 384 1308 438 OPUSC.
1346 387 1384 448 l,
1424 385 1537 438 Lm.
1574 387 1634 439 ll.
1672 387 1753 439 ΒΕ
1786 385 2105 438 CONCURSU
2139 383 2242 438 nm
2272 385 2358 437 At)
2392 385 2594 439 ACTUS
2625 383 2870 438 onnmts
2901 383 3188 438 NATURA&

2189 485 2436 564 prolato
2461 529 2478 558 ,
2531 485 2866 564 significari
2895 485 3162 558 videtur,
3193 489 3302 546 aut
3327 487 3526 548 Deum
3559 488 3712 549 abso·
3807 477 3809 548 i

2185 577 2316 640 luta
2344 579 2666 640 voluntate
2687 579 3037 640 decrevisse
3069 585 3136 639 ut
3161 578 3316 640 fiant
3335 585 3609 658 peccata,
3629 589 3712 642 aut

2185 677 2354 733 certe
2383 691 2498 734 sua
2527 672 2848 734 voluntate
2875 691 2950 732 ea
2989 671 3340 744 intendere,
3373 679 3438 734 et
3467 691 3578 732 sua
3601 693 3712 752 pro-

2185 763 2456 826 videntia
2487 783 2562 826 ea
2597 783 2934 846 procurare
2961 784 2978 838 ;
3007 783 3156 826 nam
3181 765 3288 824 illa
3323 765 3638 844 particula,
3659 777 3714 830 ut
3807 773 3809 830 ἶ

2175 861 2356 940 siant,
2385 859 2550 920 hanc
2591 859 3028 921 habitudinem
3059 859 3328 930 indicat;
3381 865 3446 920 et
3474 857 3607 920 ideo
3633 861 3714 920 illa
3807 899 3809 936 3

2183 953 2490 1032 posterior
2529 953 2758 1014 locutio
2805 959 2900 1014 est
2933 953 3000 1012 in
3027 952 3234 1033 rigore
3259 951 3446 1026 falsa,
3479 953 3578 1012 vel
3621 956 3717 1012 sal-
3807 957 3809 980 ¹

2183 1051 2312 1108 tem
2337 1047 2420 1106 ita
2452 1045 2796 1126 aequivoca,
2829 1051 2900 1106 ut
2921 1046 3058 1107 sine
3087 1045 3434 1106 sufficiente
3475 1044 3718 1107 declara-
3806 1073 3809 1112 ι

2187 1140 2356 1200 tione
2385 1157 2504 1200 nec
2530 1137 2906 1219 proferenda
2935 1139 3037 1214 sit,
3079 1157 3198 1199 nec
3227 1138 3627 1200 admittenda.
3659 1145 3718 1200 At
3807 1137 3809 1184 ἕ

2187 1251 2336 1294 vero
2377 1233 2568 1313 priori
2591 1233 2898 1305 oratione,
2929 1232 3134 1294 solum
3163 1231 3552 1312 significatur
3573 1241 3721 1294 actus

2187 1327 2389 1386 malos
2425 1326 2652 1388 cadere
2683 1325 2802 1386 sub
2841 1325 3116 1387 divinam
3144 1325 3616 1404 providentiam,
3643 1347 3721 1386 es-

2189 1437 2385 1498 seque
2455 1419 2668 1497 aliquo
2727 1417 2918 1479 modo
2971 1419 3154 1498 quasi
3207 1418 3544 1480 materiam
3587 1419 3721 1480 circa

2189 1531 2380 1593 quam
2409 1512 2618 1574 divina
2646 1513 3040 1593 providentia
3077 1518 3386 1585 versatur,
3437 1514 3602 1590 quod
3648 1525 3720 1576 est

2185 1607 2602 1668 verissimum.
2633 1607 2792 1668 Nam
2817 1605 2987 1668 Deus
3007 1606 3294 1686 providet
3319 1607 3620 1668 auxilium
3633 1627 3718 1668 seu

2187 1717 2566 1760 concursum
2619 1699 3050 1760 necessarium
3087 1699 3168 1760 ad
3209 1706 3425 1760 actum
3479 1701 3718 1768 malum.

2185 1811 2314 1853 non
2359 1791 2616 1871 quidem
2653 1797 2722 1853 ut
2765 1792 2870 1852 ille
2897 1791 3030 1862 fiat,
3071 1792 3183 1854 sed
3219 1799 3290 1853 ut
3329 1792 3474 1854 fieri
3521 1794 3717 1872 possit,

2183 1891 2256 1946 ut
2281 1885 2547 1946 liberum
2577 1889 2861 1946 servetur
2901 1886 3070 1946 omni
3115 1904 3194 1947 ex
3231 1891 3414 1966 parte
3449 1886 3566 1946 sibi
3601 1905 3720 1947 con-

2185 1979 2454 2040 naturali
2515 1979 2868 2038 humanum
2919 1978 3268 2040 arbitrium.
3327 1979 3516 2043 Unde
3565 1981 3716 2042 etiam

2187 2072 2489 2152 permittit
2531 2071 2724 2132 talem
2771 2077 2982 2133 actum
3027 2071 3187 2145 fleri,
3219 2073 3394 2151 quod
3445 2073 3529 2135 ad
3553 2077 3720 2152 provi·

2187 2163 2466 2226 dentiam
2503 2169 2746 2244 spectat
2770 2184 2786 2236 ;
2829 2166 3130 2245 permittit
3157 2172 3372 2228 autem
3397 2173 3568 2228 certo
3591 2185 3718 2245 prae-

2187 2259 2394 2320 sciens
2431 2259 2606 2320 illum
2647 2277 2786 2320 esse
2813 2259 3116 2332 futurum,
3161 2261 3212 2320 si
3241 2260 3652 2339 permittatur,
3673 2269 3720 2320 et

2187 2351 2330 2413 ideo
2355 2352 2422 2411 in
2449 2357 2732 2432 tempore
2761 2371 2839 2413 ex
2867 2358 3036 2414 certa
3065 2358 3130 2415 et
3156 2352 3470 2414 infallibili
3499 2353 3719 2414 scientia

2187 2443 2270 2505 ad
2287 2444 2466 2506 illum
2495 2445 2830 2506 concurrit.
2861 2447 2937 2506 Et
2963 2445 3110 2524 quia
3141 2446 3224 2507 ab
3253 2451 3496 2508 aeterno
3513 2449 3720 2526 praesci-

2185 2537 2272 2598 vit
2301 2537 2478 2598 illum
2513 2537 2816 2613 futurum,
2855 2557 2970 2600 sua
3021 2538 3210 2600 etiam
3253 2538 3640 2618 providentia
3667 2539 3722 2598 il-

2187 2629 2320 2690 lum
2341 2629 2669 2706 ordinavit,
2694 2630 2794 2692 vel
2821 2630 2905 2692 ad
2931 2649 3211 2712 poenam,
3239 2632 3340 2694 vel
3359 2631 3446 2693 ad
3475 2632 3720 2711 aliquem

2187 2723 2382 2784 alium
2415 2722 2686 2784 fructum
2715 2741 2828 2784 seu
2851 2725 3165 2786 effectum.

2268 2819 2366 2878 Η.
2411 2815 2685 2880 Assertio
2705 2817 2953 2882 decima.
2984 2849 3069 2864 —
3089 2817 3468 2880 Addendum
3499 2819 3724 2898 insuper
3807 2867 3809 2902 ἰ

2187 2915 2283 2972 est
2334 2909 2524 2990 longe
2581 2910 2892 2972 diversam
2943 2929 3084 2974 esse
3127 2912 3442 2974 rationem
3491 2912 3570 2973 de
3607 2913 3722 2972 acti-

2187 3003 2308 3064 bus
2333 3002 2548 3077 bonis;
2581 3003 2808 3065 horum
2841 3006 3011 3066 enim
3027 3005 3392 3086 simpliciter
3415 3011 3630 3067 auctor
3650 3011 3722 3066 est

2185 3099 2376 3173 Deus,
2403 3098 2550 3177 quia
2591 3118 2722 3161 non
2757 3099 2964 3161 solum
3007 3099 3088 3162 ad
3115 3100 3254 3163 illos
3298 3100 3562 3181 physice
3600 3120 3724 3162 con-

2187 3192 2382 3254 currit
2431 3192 2588 3254 sicut
2617 3193 2700 3255 ad
2743 3193 2966 3267 malos,
2995 3194 3108 3257 sed
3135 3195 3326 3257 etiam
3361 3194 3506 3255 illos
3533 3212 3642 3275 per
3671 3214 3722 3255 se

2185 3284 2476 3359 intendit,
2518 3303 2594 3347 ac
2640 3292 2898 3368 propter
2923 3286 3064 3349 illos
3103 3286 3276 3351 dedit
3311 3287 3616 3349 voluntati
3634 3305 3724 3366 po-
3805 3298 3807 3355 ὲ

2187 3377 2492 3440 tissimam
2511 3380 2998 3459 propensionem
3019 3381 3376 3443 naturalem
3393 3380 3480 3443 ad
3500 3380 3562 3442 id
3583 3379 3724 3459 quod

2187 3472 2524 3533 honestum
2574 3478 2690 3547 est,
2735 3479 2799 3535 et
2841 3474 3068 3535 rationi
3116 3480 3643 3547 consentaneum;
3677 3480 3725 3534 et

2189 3565 2420 3646 adjecit
2457 3564 2652 3645 leges,
2701 3574 3014 3648 praecepta
3033 3613 3050 3643 ,
3089 3568 3348 3647 proemia
3389 3574 3458 3631 et
3503 3586 3720 3649 pesnas

2189 3660 2419 3740 quibus
2463 3659 2753 3721 voluntas
2779 3660 2863 3722 ad
2909 3661 3026 3723 hos
3053 3668 3230 3724 actus
3259 3662 3594 3723 inclinetur
3623 3668 3724 3721 eta
3803 3702 3805 3721 .

2189 3752 2516 3815 contrariis
2545 3760 2882 3817 avertatur.
2915 3756 2992 3817 Et
3019 3756 3244 3836 inipso
3273 3756 3468 3817 etiam
3497 3754 3725 3835 physico

2190 3845 2430 3908 influxu
2463 3852 2560 3909 est
2597 3846 2806 3927 aliqua
2837 3847 3228 3921 differentia;
3273 3849 3422 3928 quia
3459 3848 3622 3911 Deus
3653 3848 3726 3908 di·

2189 3945 2360 4002 recte
2405 3944 2468 4001 et
2493 3957 2612 4018 per
2637 3958 2706 4001 se
2733 3939 2936 4002 influit
2963 3940 3028 4001 in
3055 3940 3424 4015 bonitatem,
3465 3940 3532 4003 in
3573 3940 3728 4002 mali-

2189 4033 2340 4095 tiam
2369 4038 2584 4097 autem
2615 4034 2895 4095 minime.
2929 4034 3062 4106 Quo
3093 4036 3283 4097 etiam
3311 4034 3383 4097 fit
3409 4042 3484 4097 ut
3499 4035 3580 4097 de
3605 4034 3726 4095 acti·
3801 4052 3803 4095 i

2187 4124 2308 4189 bus
2333 4125 2516 4188 bonis
2533 4144 2664 4187 non
2683 4126 2888 4188 solum
2913 4127 2992 4188 sit
3017 4146 3263 4204 verum,
3295 4130 3496 4190 Deum
3519 4129 3724 4189 habere
3801 4118 3803 4121 ⁴

2188 4220 2644 4301 providentiam
2680 4220 2929 4283 illorum
2965 4220 3344 4295 distinctam,
3377 4230 3442 4285 et
3469 4223 3534 4285 in
3561 4222 3726 4303 parti-

2190 4313 2408 4389 culari,
2452 4313 2566 4376 sed
2597 4313 2787 4375 etiam
2814 4314 3146 4395 providere
3175 4323 3244 4377 ut
3268 4316 3356 4378 illi
3383 4316 3572 4389 fiant;
3601 4316 3725 4393 quia

2187 4424 2410 4469 revera
2441 4406 2582 4469 illos
2611 4406 2900 4481 intendit,
2932 4414 2996 4470 et
3021 4409 3154 4471 vult
3177 4409 3338 4485 fieri,
3371 4418 3436 4473 et
3462 4413 3728 4491 procurat

2189 4504 2262 4561 ut
2287 4498 2464 4573 fiant,
2493 4507 2799 4579 quantum
2833 4508 2930 4563 est
2957 4519 3035 4563 ex
3063 4519 3156 4577 se,
3185 4520 3323 4581 quae
3355 4505 3506 4565 satis
3533 4520 3724 4581 super·
3799 4508 3801 4533 ¹

2193 4610 2318 4673 que
2349 4598 2494 4655 sunt
2521 4592 2604 4654 ad
2631 4592 2795 4655 illius
2821 4594 3154 4656 locutionis
3181 4596 3528 4659 veritatem.

2275 4687 2374 4747 An
2405 4704 2556 4747 vero
2598 4688 2764 4749 Deus
2813 4686 3122 4767 praefiniat
3161 4688 3450 4753 absoluto
3477 4690 3726 4755 decreto,

2193 4780 2648 4859 praescientiam
2689 4780 3044 4843 futurorum
3089 4782 3520 4859 antecedente,
3565 4788 3630 4843 ut
3669 4780 3722 4839 hi
3797 4848 3799 4859 Ι

2193 4880 2368 4934 actus
2397 4872 2546 4934 boni
2571 4873 2842 4935 morales
2867 4879 2932 4935 et
2953 4875 3274 4937 naturales
3299 4875 3476 4949 fiant,
3505 4894 3624 4937 non
3651 4880 3727 4933 est
3797 4890 3799 4905 ²

2193 4984 2296 5027 res
2337 4965 2419 5026 ad
2457 4966 2648 5029 fidem
2683 4968 3028 5047 pertinens,
3079 4970 3226 5049 quia
3269 4989 3478 5052 neque
3523 4970 3726 5047 scripta

2197 5066 2314 5135 est,
2360 5059 2640 5134 definita,
2674 5067 2784 5121 aut
2819 5060 3046 5123 tradita
3075 5063 3142 5123 in
3181 5063 3394 5143 aliqua
3429 5064 3636 5145 regula
3673 5062 3727 5120 li·

2195 5152 2320 5227 dei,
2361 5172 2479 5214 nec
2527 5172 2564 5213 a
2605 5154 2836 5215 sanctis
2875 5154 3159 5217 Patribus
3197 5162 3309 5218 aut
3347 5156 3720 5223 Docto1·ibus;

2193 5263 2312 5307 nec
2343 5246 2424 5307 ad
2450 5246 2848 5308 defendenda
2881 5250 3294 5311 conveniente
3329 5251 3512 5313 modo
3539 5249 3726 5327 aliqua
3795 5246 3797 5273 ³

2189 5338 2338 5402 fidei
2388 5339 2684 5420 dogmata
2729 5347 2825 5402 est
2857 5344 3214 5404 necessaria
3255 5344 3362 5405 illa
3399 5342 3722 5425 praefinitio.

2191 5434 2394 5507 Quare
2415 5435 2478 5496 in
2501 5436 2617 5496 hac
2651 5454 2718 5496 re
2743 5435 2920 5497 locus
2947 5442 3044 5499 est
3069 5438 3466 5518 opinionibus
3489 5436 3726 5499 Theolo-

2191 5546 2437 5608 gorum,
2487 5528 2864 5609 quibusdam
2910 5532 3337 5594 asserentibus
3381 5532 3612 5593 nullum
3661 5546 3724 5589 ex
