<?xml version="1.0" encoding="UTF-8"?>
<!DOCTYPE html PUBLIC "-//W3C//DTD XHTML 1.0 Transitional//EN"
    "http://www.w3.org/TR/xhtml1/DTD/xhtml1-transitional.dtd">
<html xmlns="http://www.w3.org/1999/xhtml" xml:lang="en" lang="en">
 <head>
  <title>
</title>
<meta http-equiv="Content-Type" content="text/html;charset=utf-8" />
  <meta name='ocr-system' content='tesseract 3.04.00' />
  <meta name='ocr-capabilities' content='ocr_page ocr_carea ocr_par ocr_line ocrx_word'/>
</head>
<body>
  <div class='ocr_page' id='page_1' title='image "./rpfranciscisuar01duvagoog_0142.png"; bbox 0 0 3850 6225; ppageno 0'>
   <div class='ocr_carea' id='block_1_1' title="bbox 520 345 639 406">
    <p class='ocr_par' dir='ltr' id='par_1_1' title="bbox 520 345 639 406">
     <span class='ocr_line' id='line_1_1' title="bbox 520 345 639 406; baseline 0 0"><span class='ocrx_word' id='word_1_1' title='bbox 520 345 639 406; x_wconf 74' lang='lat'><strong>128</strong></span> 
     </span>
    </p>
   </div>
   <div class='ocr_carea' id='block_1_2' title="bbox 510 449 2088 5571">
    <p class='ocr_par' dir='ltr' id='par_1_2' title="bbox 510 449 2088 5571">
     <span class='ocr_line' id='line_1_2' title="bbox 521 449 2088 522; baseline -0.003 -9"><span class='ocrx_word' id='word_1_2' title='bbox 521 452 835 522; x_wconf 82' lang='lat' dir='ltr'><strong>effectum,</strong></span> <span class='ocrx_word' id='word_1_3' title='bbox 874 449 993 510; x_wconf 85' lang='lat' dir='ltr'><strong>etsi</strong></span> <span class='ocrx_word' id='word_1_4' title='bbox 1032 455 1241 512; x_wconf 87' lang='lat' dir='ltr'><strong>essent</strong></span> <span class='ocrx_word' id='word_1_5' title='bbox 1286 449 1830 522; x_wconf 86' lang='lat' dir='ltr'><strong>sufficientissima,</strong></span> <span class='ocrx_word' id='word_1_6' title='bbox 1880 455 1942 510; x_wconf 90' lang='lat' dir='ltr'><strong>et</strong></span> <span class='ocrx_word' id='word_1_7' title='bbox 1990 451 2088 510; x_wconf 91' lang='lat' dir='ltr'><strong>in-</strong></span> 
     </span>
     <span class='ocr_line' id='line_1_3' title="bbox 520 542 2088 621; baseline -0.002 -15"><span class='ocrx_word' id='word_1_8' title='bbox 520 542 769 606; x_wconf 90' lang='lat' dir='ltr'><strong>terdum</strong></span> <span class='ocrx_word' id='word_1_9' title='bbox 807 542 1120 617; x_wconf 79' lang='lat' dir='ltr'><strong>uberiora,</strong></span> <span class='ocrx_word' id='word_1_10' title='bbox 1155 561 1345 621; x_wconf 85' lang='lat' dir='ltr'><strong>quam</strong></span> <span class='ocrx_word' id='word_1_11' title='bbox 1390 544 1747 606; x_wconf 86' lang='lat' dir='ltr'><strong>necessaria</strong></span> <span class='ocrx_word' id='word_1_12' title='bbox 1788 542 1932 604; x_wconf 89' lang='lat' dir='ltr'><strong>sint.</strong></span> <span class='ocrx_word' id='word_1_13' title='bbox 1975 543 2088 604; x_wconf 91' lang='lat' dir='ltr'><strong>De-</strong></span> 
     </span>
     <span class='ocr_line' id='line_1_4' title="bbox 520 636 2088 717; baseline -0.001 -19"><span class='ocrx_word' id='word_1_14' title='bbox 520 637 713 715; x_wconf 89' lang='lat' dir='ltr'><strong>nique</strong></span> <span class='ocrx_word' id='word_1_15' title='bbox 750 636 973 698; x_wconf 87' lang='lat' dir='ltr'><strong>habuit</strong></span> <span class='ocrx_word' id='word_1_16' title='bbox 1016 639 1207 698; x_wconf 86' lang='lat' dir='ltr'><strong>etiam</strong></span> <span class='ocrx_word' id='word_1_17' title='bbox 1252 637 1639 700; x_wconf 85' lang='lat' dir='ltr'><strong>voluntatem</strong></span> <span class='ocrx_word' id='word_1_18' title='bbox 1682 636 2088 717; x_wconf 88' lang='lat' dir='ltr'><strong>permittendi</strong></span> 
     </span>
     <span class='ocr_line' id='line_1_5' title="bbox 522 729 2088 810; baseline -0.001 -19"><span class='ocrx_word' id='word_1_19' title='bbox 522 748 632 792; x_wconf 88' lang='lat' dir='ltr'><strong>eos</strong></span> <span class='ocrx_word' id='word_1_20' title='bbox 673 747 960 809; x_wconf 85' lang='lat' dir='ltr'><strong>peccare,</strong></span> <span class='ocrx_word' id='word_1_21' title='bbox 992 747 1183 810; x_wconf 89' lang='lat' dir='ltr'><strong>quam</strong></span> <span class='ocrx_word' id='word_1_22' title='bbox 1222 730 1605 791; x_wconf 85' lang='lat' dir='ltr'><strong>voluntatem</strong></span> <span class='ocrx_word' id='word_1_23' title='bbox 1644 729 1960 809; x_wconf 82' lang='lat' dir='ltr'>passivam</span> <span class='ocrx_word' id='word_1_24' title='bbox 1997 729 2088 790; x_wconf 89' lang='lat' dir='ltr'><strong>ita</strong></span> 
     </span>
     <span class='ocr_line' id='line_1_6' title="bbox 521 821 2081 903; baseline -0.001 -17"><span class='ocrx_word' id='word_1_25' title='bbox 521 825 715 902; x_wconf 81' lang='lat' dir='ltr'>aliqui</span> <span class='ocrx_word' id='word_1_26' title='bbox 750 823 1113 898; x_wconf 89' lang='lat' dir='ltr'><strong>declarant,</strong></span> <span class='ocrx_word' id='word_1_27' title='bbox 1154 829 1225 885; x_wconf 90' lang='lat' dir='ltr'><strong>ut</strong></span> <span class='ocrx_word' id='word_1_28' title='bbox 1267 822 1635 903; x_wconf 76' lang='lat' dir='ltr'><strong>praeflnienti</strong></span> <span class='ocrx_word' id='word_1_29' title='bbox 1674 821 2081 902; x_wconf 81' lang='lat' dir='ltr'><strong>oequivaleat3</strong></span> 
     </span>
     <span class='ocr_line' id='line_1_7' title="bbox 520 915 2081 996; baseline -0.002 -18"><span class='ocrx_word' id='word_1_30' title='bbox 520 917 620 978; x_wconf 84' lang='lat' dir='ltr'><strong>vel</strong></span> <span class='ocrx_word' id='word_1_31' title='bbox 667 916 812 994; x_wconf 86' lang='lat' dir='ltr'><strong>quia</strong></span> <span class='ocrx_word' id='word_1_32' title='bbox 862 916 1077 977; x_wconf 89' lang='lat' dir='ltr'><strong>dicunt</strong></span> <span class='ocrx_word' id='word_1_33' title='bbox 1118 917 1476 996; x_wconf 84' lang='lat' dir='ltr'>permisisse</span> <span class='ocrx_word' id='word_1_34' title='bbox 1505 915 1769 978; x_wconf 88' lang='lat' dir='ltr'><strong>formale</strong></span> <span class='ocrx_word' id='word_1_35' title='bbox 1816 915 2081 994; x_wconf 89' lang='lat' dir='ltr'><strong>peccati,</strong></span> 
     </span>
     <span class='ocr_line' id='line_1_8' title="bbox 521 1003 2084 1090; baseline -0.002 -19"><span class='ocrx_word' id='word_1_36' title='bbox 521 1009 929 1090; x_wconf 82' lang='lat' dir='ltr'><strong>praefiniendo</strong></span> <span class='ocrx_word' id='word_1_37' title='bbox 950 1010 1294 1084; x_wconf 89' lang='lat' dir='ltr'><strong>materiale,</strong></span> <span class='ocrx_word' id='word_1_38' title='bbox 1319 1028 1465 1070; x_wconf 90' lang='lat' dir='ltr'><strong>cum</strong></span> <span class='ocrx_word' id='word_1_39' title='bbox 1489 1028 1613 1090; x_wconf 87' lang='lat' dir='ltr'><strong>quo</strong></span> <span class='ocrx_word' id='word_1_40' title='bbox 1644 1003 1795 1070; x_wconf 90' lang='lat' dir='ltr'><strong>illud</strong></span> <span class='ocrx_word' id='word_1_41' title='bbox 1821 1009 2084 1070; x_wconf 87' lang='lat' dir='ltr'><strong>formale</strong></span> 
     </span>
     <span class='ocr_line' id='line_1_9' title="bbox 522 1102 2080 1183; baseline -0.003 -17"><span class='ocrx_word' id='word_1_42' title='bbox 522 1109 617 1166; x_wconf 86' lang='lat' dir='ltr'><strong>est</strong></span> <span class='ocrx_word' id='word_1_43' title='bbox 662 1102 1065 1164; x_wconf 78' lang='lat' dir='ltr'><strong>inrauihiliter</strong></span> <span class='ocrx_word' id='word_1_44' title='bbox 1110 1103 1515 1183; x_wconf 86' lang='lat' dir='ltr'><strong>conjunctum</strong></span> <span class='ocrx_word' id='word_1_45' title='bbox 1540 1149 1556 1178; x_wconf 94' lang='lat'><strong>‚</strong></span> <span class='ocrx_word' id='word_1_46' title='bbox 1596 1111 1667 1165; x_wconf 91' lang='lat' dir='ltr'><strong>ut</strong></span> <span class='ocrx_word' id='word_1_47' title='bbox 1704 1103 1909 1164; x_wconf 83' lang='lat' dir='ltr'><strong>visum</strong></span> <span class='ocrx_word' id='word_1_48' title='bbox 1951 1108 2080 1174; x_wconf 88' lang='lat' dir='ltr'><strong>est;</strong></span> 
     </span>
     <span class='ocr_line' id='line_1_10' title="bbox 519 1196 2088 1275; baseline -0.001 -17"><span class='ocrx_word' id='word_1_49' title='bbox 519 1197 619 1258; x_wconf 83' lang='lat' dir='ltr'><strong>vel</strong></span> <span class='ocrx_word' id='word_1_50' title='bbox 649 1197 795 1275; x_wconf 85' lang='lat' dir='ltr'><strong>quia</strong></span> <span class='ocrx_word' id='word_1_51' title='bbox 820 1196 1039 1257; x_wconf 89' lang='lat' dir='ltr'><strong>dicunt</strong></span> <span class='ocrx_word' id='word_1_52' title='bbox 1072 1197 1271 1258; x_wconf 90' lang='lat' dir='ltr'><strong>Deum</strong></span> <span class='ocrx_word' id='word_1_53' title='bbox 1298 1196 1568 1258; x_wconf 79' lang='lat' dir='ltr'><strong>voluisse</strong></span> <span class='ocrx_word' id='word_1_54' title='bbox 1595 1196 1992 1275; x_wconf 87' lang='lat' dir='ltr'><strong>permittere,</strong></span> <span class='ocrx_word' id='word_1_55' title='bbox 2018 1200 2088 1256; x_wconf 88' lang='lat' dir='ltr'><strong>ut</strong></span> 
     </span>
     <span class='ocr_line' id='line_1_11' title="bbox 520 1289 2082 1370; baseline -0.001 -18"><span class='ocrx_word' id='word_1_56' title='bbox 520 1290 924 1352; x_wconf 84' lang='lat' dir='ltr'><strong>infallibiliter</strong></span> <span class='ocrx_word' id='word_1_57' title='bbox 968 1290 1109 1350; x_wconf 90' lang='lat' dir='ltr'><strong>talis</strong></span> <span class='ocrx_word' id='word_1_58' title='bbox 1152 1291 1369 1370; x_wconf 89' lang='lat' dir='ltr'><strong>lapsus</strong></span> <span class='ocrx_word' id='word_1_59' title='bbox 1416 1289 1729 1366; x_wconf 80' lang='lat' dir='ltr'><strong>accideret</strong></span> <span class='ocrx_word' id='word_1_60' title='bbox 1772 1289 2082 1368; x_wconf 81' lang='lat' dir='ltr'><strong>reprobiS,</strong></span> 
     </span>
     <span class='ocr_line' id='line_1_12' title="bbox 521 1382 2086 1448; baseline -0.003 0"><span class='ocrx_word' id='word_1_61' title='bbox 521 1383 955 1448; x_wconf 86' lang='lat' dir='ltr'><strong>constituendo</strong></span> <span class='ocrx_word' id='word_1_62' title='bbox 984 1383 1147 1444; x_wconf 89' lang='lat' dir='ltr'><strong>hanc</strong></span> <span class='ocrx_word' id='word_1_63' title='bbox 1174 1383 1674 1445; x_wconf 79' lang='lat' dir='ltr'><strong>infallibilitatem</strong></span> <span class='ocrx_word' id='word_1_64' title='bbox 1706 1401 1833 1444; x_wconf 90' lang='lat' dir='ltr'><strong>non</strong></span> <span class='ocrx_word' id='word_1_65' title='bbox 1876 1383 1942 1442; x_wconf 89' lang='lat' dir='ltr'><strong>in</strong></span> <span class='ocrx_word' id='word_1_66' title='bbox 1973 1382 2086 1444; x_wconf 86' lang='lat' dir='ltr'><strong>ali-</strong></span> 
     </span>
     <span class='ocr_line' id='line_1_13' title="bbox 520 1477 2086 1557; baseline -0.002 -18"><span class='ocrx_word' id='word_1_67' title='bbox 520 1495 645 1557; x_wconf 87' lang='lat' dir='ltr'><strong>qua</strong></span> <span class='ocrx_word' id='word_1_68' title='bbox 674 1478 931 1538; x_wconf 89' lang='lat' dir='ltr'><strong>scientia</strong></span> <span class='ocrx_word' id='word_1_69' title='bbox 972 1477 1393 1538; x_wconf 78' lang='lat' dir='ltr'><strong>conditionata</strong></span> <span class='ocrx_word' id='word_1_70' title='bbox 1422 1477 1833 1538; x_wconf 83' lang='lat' dir='ltr'><strong>antecedente</strong></span> <span class='ocrx_word' id='word_1_71' title='bbox 1862 1493 2086 1538; x_wconf 89' lang='lat' dir='ltr'><strong>secun-</strong></span> 
     </span>
     <span class='ocr_line' id='line_1_14' title="bbox 520 1571 2080 1651; baseline -0.001 -18"><span class='ocrx_word' id='word_1_72' title='bbox 520 1573 675 1634; x_wconf 91' lang='lat' dir='ltr'><strong>dum</strong></span> <span class='ocrx_word' id='word_1_73' title='bbox 724 1573 1053 1645; x_wconf 89' lang='lat' dir='ltr'><strong>rationem,</strong></span> <span class='ocrx_word' id='word_1_74' title='bbox 1102 1572 1215 1633; x_wconf 90' lang='lat' dir='ltr'><strong>sed</strong></span> <span class='ocrx_word' id='word_1_75' title='bbox 1260 1573 1325 1632; x_wconf 90' lang='lat' dir='ltr'><strong>in</strong></span> <span class='ocrx_word' id='word_1_76' title='bbox 1377 1572 1695 1633; x_wconf 86' lang='lat' dir='ltr'><strong>voluntate</strong></span> <span class='ocrx_word' id='word_1_77' title='bbox 1735 1571 1873 1651; x_wconf 87' lang='lat' dir='ltr'><strong>ipsa</strong></span> <span class='ocrx_word' id='word_1_78' title='bbox 1921 1571 2080 1644; x_wconf 87' lang='lat' dir='ltr'><strong>Dei;</strong></span> 
     </span>
     <span class='ocr_line' id='line_1_15' title="bbox 518 1663 2087 1746; baseline -0.002 -20"><span class='ocrx_word' id='word_1_79' title='bbox 518 1665 691 1746; x_wconf 90' lang='lat' dir='ltr'><strong>quod</strong></span> <span class='ocrx_word' id='word_1_80' title='bbox 728 1666 915 1744; x_wconf 88' lang='lat' dir='ltr'><strong>plane</strong></span> <span class='ocrx_word' id='word_1_81' title='bbox 958 1669 1053 1726; x_wconf 91' lang='lat' dir='ltr'><strong>est</strong></span> <span class='ocrx_word' id='word_1_82' title='bbox 1094 1665 1431 1726; x_wconf 84' lang='lat' dir='ltr'><strong>attribuere</strong></span> <span class='ocrx_word' id='word_1_83' title='bbox 1462 1664 1962 1726; x_wconf 83' lang='lat' dir='ltr'><strong>infallibilitatem</strong></span> <span class='ocrx_word' id='word_1_84' title='bbox 1999 1663 2087 1724; x_wconf 91' lang='lat' dir='ltr'><strong>la-</strong></span> 
     </span>
     <span class='ocr_line' id='line_1_16' title="bbox 517 1757 2080 1839; baseline -0.003 -19"><span class='ocrx_word' id='word_1_85' title='bbox 517 1778 671 1839; x_wconf 90' lang='lat' dir='ltr'><strong>psus</strong></span> <span class='ocrx_word' id='word_1_86' title='bbox 719 1759 1007 1837; x_wconf 84' lang='lat' dir='ltr'><strong>permissi</strong></span> <span class='ocrx_word' id='word_1_87' title='bbox 1062 1759 1352 1820; x_wconf 66' lang='lat' dir='ltr'><strong>efficaciae</strong></span> <span class='ocrx_word' id='word_1_88' title='bbox 1410 1757 1635 1818; x_wconf 67' lang='lat' dir='ltr'><strong>divinae</strong></span> <span class='ocrx_word' id='word_1_89' title='bbox 1704 1757 2040 1818; x_wconf 85' lang='lat' dir='ltr'><strong>voluntatis</strong></span> <span class='ocrx_word' id='word_1_90' title='bbox 2063 1801 2080 1829; x_wconf 93' lang='lat'>‚</span> 
     </span>
     <span class='ocr_line' id='line_1_17' title="bbox 518 1847 2086 1931; baseline -0.001 -19"><span class='ocrx_word' id='word_1_91' title='bbox 518 1847 692 1930; x_wconf 82' lang='lat' dir='ltr'><strong>quod</strong></span> <span class='ocrx_word' id='word_1_92' title='bbox 721 1857 783 1913; x_wconf 90' lang='lat' dir='ltr'><strong>et</strong></span> <span class='ocrx_word' id='word_1_93' title='bbox 811 1853 1035 1913; x_wconf 88' lang='lat' dir='ltr'><strong>rationi</strong></span> <span class='ocrx_word' id='word_1_94' title='bbox 1065 1851 1493 1931; x_wconf 85' lang='lat' dir='ltr'><strong>permissionis</strong></span> <span class='ocrx_word' id='word_1_95' title='bbox 1533 1855 1865 1931; x_wconf 82' lang='lat' dir='ltr'><strong>repugnat,</strong></span> <span class='ocrx_word' id='word_1_96' title='bbox 1908 1855 1978 1910; x_wconf 91' lang='lat' dir='ltr'><strong>ut</strong></span> <span class='ocrx_word' id='word_1_97' title='bbox 2007 1867 2086 1910; x_wconf 82' lang='lat' dir='ltr'><strong>ex</strong></span> 
     </span>
     <span class='ocr_line' id='line_1_18' title="bbox 518 1943 2084 2024; baseline -0.001 -18"><span class='ocrx_word' id='word_1_98' title='bbox 518 1945 661 2006; x_wconf 85' lang='lat' dir='ltr'><strong>divo</strong></span> <span class='ocrx_word' id='word_1_99' title='bbox 680 1945 917 2006; x_wconf 84' lang='lat' dir='ltr'><strong>Thema</strong></span> <span class='ocrx_word' id='word_1_100' title='bbox 948 1950 1011 2006; x_wconf 92' lang='lat' dir='ltr'><strong>et</strong></span> <span class='ocrx_word' id='word_1_101' title='bbox 1046 1947 1231 2006; x_wconf 89' lang='lat' dir='ltr'><strong>Scoto</strong></span> <span class='ocrx_word' id='word_1_102' title='bbox 1266 1963 1455 2024; x_wconf 90' lang='lat' dir='ltr'><strong>supra</strong></span> <span class='ocrx_word' id='word_1_103' title='bbox 1483 1944 1763 2017; x_wconf 88' lang='lat' dir='ltr'><strong>ostendi;</strong></span> <span class='ocrx_word' id='word_1_104' title='bbox 1794 1949 1857 2004; x_wconf 92' lang='lat' dir='ltr'><strong>et</strong></span> <span class='ocrx_word' id='word_1_105' title='bbox 1895 1943 2084 2021; x_wconf 88' lang='lat' dir='ltr'><strong>plane</strong></span> 
     </span>
     <span class='ocr_line' id='line_1_19' title="bbox 518 2037 2086 2118; baseline -0.001 -19"><span class='ocrx_word' id='word_1_106' title='bbox 518 2037 841 2099; x_wconf 83' lang='lat' dir='ltr'><strong>confundit</strong></span> <span class='ocrx_word' id='word_1_107' title='bbox 856 2037 1243 2100; x_wconf 85' lang='lat' dir='ltr'><strong>voluntatem</strong></span> <span class='ocrx_word' id='word_1_108' title='bbox 1268 2038 1735 2118; x_wconf 86' lang='lat' dir='ltr'><strong>permittentem</strong></span> <span class='ocrx_word' id='word_1_109' title='bbox 1762 2053 1907 2097; x_wconf 91' lang='lat' dir='ltr'><strong>cum</strong></span> <span class='ocrx_word' id='word_1_110' title='bbox 1926 2053 2086 2115; x_wconf 84' lang='lat' dir='ltr'><strong>prae-</strong></span> 
     </span>
     <span class='ocr_line' id='line_1_20' title="bbox 516 2129 2084 2194; baseline -0.001 -2"><span class='ocrx_word' id='word_1_111' title='bbox 516 2131 797 2193; x_wconf 87' lang='lat' dir='ltr'><strong>finiente.</strong></span> <span class='ocrx_word' id='word_1_112' title='bbox 843 2133 994 2194; x_wconf 90' lang='lat' dir='ltr'><strong>Inde</strong></span> <span class='ocrx_word' id='word_1_113' title='bbox 1039 2132 1207 2193; x_wconf 89' lang='lat' dir='ltr'><strong>enim</strong></span> <span class='ocrx_word' id='word_1_114' title='bbox 1260 2131 1331 2193; x_wconf 84' lang='lat' dir='ltr'><strong>fit</strong></span> <span class='ocrx_word' id='word_1_115' title='bbox 1374 2138 1441 2194; x_wconf 92' lang='lat' dir='ltr'><strong>ut</strong></span> <span class='ocrx_word' id='word_1_116' title='bbox 1490 2130 1893 2192; x_wconf 82' lang='lat' dir='ltr'><strong>infallibilitas</strong></span> <span class='ocrx_word' id='word_1_117' title='bbox 1943 2129 2084 2190; x_wconf 90' lang='lat' dir='ltr'><strong>talis</strong></span> 
     </span>
     <span class='ocr_line' id='line_1_21' title="bbox 517 2223 2084 2305; baseline -0.002 -19"><span class='ocrx_word' id='word_1_118' title='bbox 517 2229 779 2286; x_wconf 87' lang='lat' dir='ltr'><strong>eventus</strong></span> <span class='ocrx_word' id='word_1_119' title='bbox 806 2243 919 2286; x_wconf 90' lang='lat' dir='ltr'><strong>sen</strong></span> <span class='ocrx_word' id='word_1_120' title='bbox 947 2225 1185 2305; x_wconf 90' lang='lat' dir='ltr'><strong>peccati</strong></span> <span class='ocrx_word' id='word_1_121' title='bbox 1214 2226 1504 2304; x_wconf 88' lang='lat' dir='ltr'><strong>permissi</strong></span> <span class='ocrx_word' id='word_1_122' title='bbox 1544 2224 1938 2286; x_wconf 88' lang='lat' dir='ltr'><strong>contineatur</strong></span> <span class='ocrx_word' id='word_1_123' title='bbox 1965 2223 2084 2284; x_wconf 89' lang='lat' dir='ltr'><strong>sub</strong></span> 
     </span>
     <span class='ocr_line' id='line_1_22' title="bbox 520 2316 2082 2396; baseline -0.001 -18"><span class='ocrx_word' id='word_1_124' title='bbox 520 2316 765 2395; x_wconf 74' lang='lat' dir='ltr'><strong>obiecto</strong></span> <span class='ocrx_word' id='word_1_125' title='bbox 794 2317 960 2379; x_wconf 88' lang='lat' dir='ltr'><strong>illius</strong></span> <span class='ocrx_word' id='word_1_126' title='bbox 1004 2319 1373 2393; x_wconf 58' lang='lat' dir='ltr'><strong>voluntem,</strong></span> <span class='ocrx_word' id='word_1_127' title='bbox 1420 2324 1485 2380; x_wconf 93' lang='lat' dir='ltr'><strong>et</strong></span> <span class='ocrx_word' id='word_1_128' title='bbox 1530 2317 1609 2378; x_wconf 90' lang='lat' dir='ltr'><strong>sit</strong></span> <span class='ocrx_word' id='word_1_129' title='bbox 1642 2335 1679 2377; x_wconf 89' lang='lat' dir='ltr'><strong>a</strong></span> <span class='ocrx_word' id='word_1_130' title='bbox 1716 2317 1847 2378; x_wconf 88' lang='lat' dir='ltr'><strong>Deo</strong></span> <span class='ocrx_word' id='word_1_131' title='bbox 1876 2334 1990 2396; x_wconf 91' lang='lat' dir='ltr'><strong>per</strong></span> <span class='ocrx_word' id='word_1_132' title='bbox 2013 2333 2082 2376; x_wconf 90' lang='lat' dir='ltr'><strong>se</strong></span> 
     </span>
     <span class='ocr_line' id='line_1_23' title="bbox 518 2406 2084 2490; baseline -0.001 -20"><span class='ocrx_word' id='word_1_133' title='bbox 518 2410 806 2472; x_wconf 87' lang='lat' dir='ltr'><strong>ordinata</strong></span> <span class='ocrx_word' id='word_1_134' title='bbox 856 2413 919 2473; x_wconf 91' lang='lat' dir='ltr'><strong>et</strong></span> <span class='ocrx_word' id='word_1_135' title='bbox 962 2411 1175 2485; x_wconf 84' lang='lat' dir='ltr'><strong>volita,</strong></span> <span class='ocrx_word' id='word_1_136' title='bbox 1206 2411 1357 2490; x_wconf 87' lang='lat' dir='ltr'><strong>quia</strong></span> <span class='ocrx_word' id='word_1_137' title='bbox 1385 2411 1539 2472; x_wconf 88' lang='lat' dir='ltr'><strong>alias</strong></span> <span class='ocrx_word' id='word_1_138' title='bbox 1580 2429 1710 2470; x_wconf 90' lang='lat' dir='ltr'><strong>non</strong></span> <span class='ocrx_word' id='word_1_139' title='bbox 1754 2414 1960 2489; x_wconf 88' lang='lat' dir='ltr'><strong>potest</strong></span> <span class='ocrx_word' id='word_1_140' title='bbox 2003 2406 2084 2468; x_wconf 85' lang='lat' dir='ltr'><strong>ad</strong></span> 
     </span>
     <span class='ocr_line' id='line_1_24' title="bbox 520 2502 2084 2582; baseline 0 -18"><span class='ocrx_word' id='word_1_141' title='bbox 520 2503 865 2565; x_wconf 84' lang='lat' dir='ltr'><strong>efficaciam</strong></span> <span class='ocrx_word' id='word_1_142' title='bbox 894 2505 1119 2566; x_wconf 76' lang='lat' dir='ltr'><strong>divinae</strong></span> <span class='ocrx_word' id='word_1_143' title='bbox 1158 2505 1495 2566; x_wconf 87' lang='lat' dir='ltr'><strong>voluntatis</strong></span> <span class='ocrx_word' id='word_1_144' title='bbox 1527 2504 1864 2582; x_wconf 89' lang='lat' dir='ltr'><strong>pertinere.</strong></span> <span class='ocrx_word' id='word_1_145' title='bbox 1888 2502 2084 2581; x_wconf 85' lang='lat' dir='ltr'><strong>Igitur</strong></span> 
     </span>
     <span class='ocr_line' id='line_1_25' title="bbox 516 2593 2086 2677; baseline -0.003 -20"><span class='ocrx_word' id='word_1_146' title='bbox 516 2597 621 2657; x_wconf 91' lang='lat' dir='ltr'><strong>illa</strong></span> <span class='ocrx_word' id='word_1_147' title='bbox 650 2597 941 2658; x_wconf 86' lang='lat' dir='ltr'><strong>voluntas</strong></span> <span class='ocrx_word' id='word_1_148' title='bbox 984 2597 1354 2677; x_wconf 82' lang='lat' dir='ltr'><strong>permissiva</strong></span> <span class='ocrx_word' id='word_1_149' title='bbox 1393 2597 1533 2658; x_wconf 90' lang='lat' dir='ltr'><strong>talis</strong></span> <span class='ocrx_word' id='word_1_150' title='bbox 1559 2596 1697 2668; x_wconf 83' lang='lat' dir='ltr'><strong>fuit,</strong></span> <span class='ocrx_word' id='word_1_151' title='bbox 1724 2601 1794 2657; x_wconf 92' lang='lat' dir='ltr'><strong>ut</strong></span> <span class='ocrx_word' id='word_1_152' title='bbox 1820 2613 1897 2654; x_wconf 83' lang='lat' dir='ltr'><strong>ex</strong></span> <span class='ocrx_word' id='word_1_153' title='bbox 1926 2595 1988 2655; x_wconf 83' lang='lat' dir='ltr'><strong>vi</strong></span> <span class='ocrx_word' id='word_1_154' title='bbox 2011 2593 2086 2653; x_wconf 91' lang='lat' dir='ltr'><strong>il·</strong></span> 
     </span>
     <span class='ocr_line' id='line_1_26' title="bbox 514 2688 2084 2768; baseline -0.003 -18"><span class='ocrx_word' id='word_1_155' title='bbox 514 2691 635 2750; x_wconf 90' lang='lat' dir='ltr'><strong>lius</strong></span> <span class='ocrx_word' id='word_1_156' title='bbox 654 2708 781 2750; x_wconf 89' lang='lat' dir='ltr'><strong>non</strong></span> <span class='ocrx_word' id='word_1_157' title='bbox 798 2688 961 2752; x_wconf 88' lang='lat' dir='ltr'><strong>foret</strong></span> <span class='ocrx_word' id='word_1_158' title='bbox 976 2689 1295 2750; x_wconf 83' lang='lat' dir='ltr'><strong>infallibile</strong></span> <span class='ocrx_word' id='word_1_159' title='bbox 1314 2697 1663 2768; x_wconf 87' lang='lat' dir='ltr'><strong>peccatum.</strong></span> <span class='ocrx_word' id='word_1_160' title='bbox 1690 2689 1845 2760; x_wconf 87' lang='lat' dir='ltr'><strong>Quia</strong></span> <span class='ocrx_word' id='word_1_161' title='bbox 1868 2694 2084 2748; x_wconf 85' lang='lat' dir='ltr'><strong>tamen</strong></span> 
     </span>
     <span class='ocr_line' id='line_1_27' title="bbox 513 2781 2084 2862; baseline -0.001 -20"><span class='ocrx_word' id='word_1_162' title='bbox 513 2782 685 2843; x_wconf 91' lang='lat' dir='ltr'><strong>Deus</strong></span> <span class='ocrx_word' id='word_1_163' title='bbox 738 2801 851 2843; x_wconf 88' lang='lat' dir='ltr'><strong>sua</strong></span> <span class='ocrx_word' id='word_1_164' title='bbox 908 2782 1149 2844; x_wconf 87' lang='lat' dir='ltr'><strong>infinita</strong></span> <span class='ocrx_word' id='word_1_165' title='bbox 1204 2783 1463 2844; x_wconf 87' lang='lat' dir='ltr'><strong>scientia</strong></span> <span class='ocrx_word' id='word_1_166' title='bbox 1513 2781 1881 2862; x_wconf 67' lang='lat' dir='ltr'><strong>praesciebat</strong></span> <span class='ocrx_word' id='word_1_167' title='bbox 1934 2781 2084 2860; x_wconf 89' lang='lat' dir='ltr'><strong>quid</strong></span> 
     </span>
     <span class='ocr_line' id='line_1_28' title="bbox 514 2876 2084 2955; baseline -0.003 -17"><span class='ocrx_word' id='word_1_168' title='bbox 514 2877 803 2938; x_wconf 80' lang='lat' dir='ltr'><strong>voluntas</strong></span> <span class='ocrx_word' id='word_1_169' title='bbox 842 2881 1053 2938; x_wconf 88' lang='lat' dir='ltr'><strong>creata</strong></span> <span class='ocrx_word' id='word_1_170' title='bbox 1082 2876 1145 2936; x_wconf 89' lang='lat' dir='ltr'><strong>in</strong></span> <span class='ocrx_word' id='word_1_171' title='bbox 1176 2894 1575 2955; x_wconf 89' lang='lat' dir='ltr'><strong>quocumque</strong></span> <span class='ocrx_word' id='word_1_172' title='bbox 1602 2879 1830 2938; x_wconf 85' lang='lat' dir='ltr'><strong>eventu</strong></span> <span class='ocrx_word' id='word_1_173' title='bbox 1860 2892 2084 2953; x_wconf 89' lang='lat' dir='ltr'><strong>opera-</strong></span> 
     </span>
     <span class='ocr_line' id='line_1_29' title="bbox 514 2968 2078 3043; baseline -0.001 -13"><span class='ocrx_word' id='word_1_174' title='bbox 514 2975 655 3030; x_wconf 89' lang='lat' dir='ltr'><strong>tura</strong></span> <span class='ocrx_word' id='word_1_175' title='bbox 678 2969 779 3043; x_wconf 90' lang='lat' dir='ltr'><strong>sit,</strong></span> <span class='ocrx_word' id='word_1_176' title='bbox 802 2969 853 3030; x_wconf 91' lang='lat' dir='ltr'><strong>si</strong></span> <span class='ocrx_word' id='word_1_177' title='bbox 886 2987 1029 3030; x_wconf 90' lang='lat' dir='ltr'><strong>cum</strong></span> <span class='ocrx_word' id='word_1_178' title='bbox 1064 2969 1295 3030; x_wconf 88' lang='lat' dir='ltr'><strong>talibus</strong></span> <span class='ocrx_word' id='word_1_179' title='bbox 1322 2968 1783 3032; x_wconf 88' lang='lat' dir='ltr'><strong>conditionibus</strong></span> <span class='ocrx_word' id='word_1_180' title='bbox 1809 2973 2078 3042; x_wconf 88' lang='lat' dir='ltr'><strong>creetur,</strong></span> 
     </span>
     <span class='ocr_line' id='line_1_30' title="bbox 516 3059 2082 3143; baseline -0.001 -18"><span class='ocrx_word' id='word_1_181' title='bbox 516 3069 579 3125; x_wconf 90' lang='lat' dir='ltr'><strong>et</strong></span> <span class='ocrx_word' id='word_1_182' title='bbox 600 3063 997 3143; x_wconf 86' lang='lat' dir='ltr'><strong>permittatur</strong></span> <span class='ocrx_word' id='word_1_183' title='bbox 1026 3062 1297 3141; x_wconf 85' lang='lat' dir='ltr'><strong>operari,</strong></span> <span class='ocrx_word' id='word_1_184' title='bbox 1336 3063 1483 3125; x_wconf 89' lang='lat' dir='ltr'><strong>hinc</strong></span> <span class='ocrx_word' id='word_1_185' title='bbox 1522 3079 1919 3142; x_wconf 89' lang='lat' dir='ltr'><strong>consequens</strong></span> <span class='ocrx_word' id='word_1_186' title='bbox 1967 3059 2082 3123; x_wconf 85' lang='lat' dir='ltr'><strong>fuit</strong></span> 
     </span>
     <span class='ocr_line' id='line_1_31' title="bbox 517 3154 2082 3234; baseline -0.001 -17"><span class='ocrx_word' id='word_1_187' title='bbox 517 3162 587 3218; x_wconf 92' lang='lat' dir='ltr'><strong>ut</strong></span> <span class='ocrx_word' id='word_1_188' title='bbox 625 3157 817 3227; x_wconf 77' lang='lat' dir='ltr'><strong>DeuS,</strong></span> <span class='ocrx_word' id='word_1_189' title='bbox 862 3155 1155 3217; x_wconf 85' lang='lat' dir='ltr'><strong>habendo</strong></span> <span class='ocrx_word' id='word_1_190' title='bbox 1201 3156 1395 3218; x_wconf 90' lang='lat' dir='ltr'><strong>talem</strong></span> <span class='ocrx_word' id='word_1_191' title='bbox 1448 3158 1831 3217; x_wconf 82' lang='lat' dir='ltr'><strong>voluntatem</strong></span> <span class='ocrx_word' id='word_1_192' title='bbox 1882 3154 2082 3234; x_wconf 89' lang='lat' dir='ltr'><strong>passi·-</strong></span> 
     </span>
     <span class='ocr_line' id='line_1_32' title="bbox 514 3248 2082 3329; baseline -0.001 -19"><span class='ocrx_word' id='word_1_193' title='bbox 514 3266 685 3323; x_wconf 86' lang='lat' dir='ltr'><strong>vam,</strong></span> <span class='ocrx_word' id='word_1_194' title='bbox 728 3248 1082 3329; x_wconf 77' lang='lat' dir='ltr'><strong>praeviderit</strong></span> <span class='ocrx_word' id='word_1_195' title='bbox 1123 3249 1313 3311; x_wconf 89' lang='lat' dir='ltr'><strong>etiam</strong></span> <span class='ocrx_word' id='word_1_196' title='bbox 1351 3248 1543 3311; x_wconf 87' lang='lat' dir='ltr'><strong>talem</strong></span> <span class='ocrx_word' id='word_1_197' title='bbox 1588 3249 1907 3309; x_wconf 88' lang='lat' dir='ltr'><strong>bominem</strong></span> <span class='ocrx_word' id='word_1_198' title='bbox 1953 3265 2082 3309; x_wconf 87' lang='lat' dir='ltr'><strong>non</strong></span> 
     </span>
     <span class='ocr_line' id='line_1_33' title="bbox 518 3342 2084 3418; baseline -0.003 -14"><span class='ocrx_word' id='word_1_199' title='bbox 518 3344 809 3416; x_wconf 90' lang='lat' dir='ltr'><strong>electum,</strong></span> <span class='ocrx_word' id='word_1_200' title='bbox 836 3342 1025 3403; x_wconf 82' lang='lat' dir='ltr'><strong>fuisse</strong></span> <span class='ocrx_word' id='word_1_201' title='bbox 1055 3342 1507 3418; x_wconf 88' lang='lat' dir='ltr'><strong>damnandum,</strong></span> <span class='ocrx_word' id='word_1_202' title='bbox 1536 3348 1599 3403; x_wconf 89' lang='lat' dir='ltr'><strong>et</strong></span> <span class='ocrx_word' id='word_1_203' title='bbox 1625 3343 1745 3403; x_wconf 85' lang='lat' dir='ltr'><strong>hoe</strong></span> <span class='ocrx_word' id='word_1_204' title='bbox 1772 3347 1970 3402; x_wconf 90' lang='lat' dir='ltr'><strong>totum</strong></span> <span class='ocrx_word' id='word_1_205' title='bbox 1999 3342 2084 3401; x_wconf 91' lang='lat' dir='ltr'><strong>si-</strong></span> 
     </span>
     <span class='ocr_line' id='line_1_34' title="bbox 516 3435 1996 3515; baseline -0.001 -18"><span class='ocrx_word' id='word_1_206' title='bbox 516 3436 650 3497; x_wconf 89' lang='lat' dir='ltr'><strong>mul</strong></span> <span class='ocrx_word' id='word_1_207' title='bbox 682 3435 1039 3515; x_wconf 82' lang='lat' dir='ltr'><strong>permiserit</strong></span> <span class='ocrx_word' id='word_1_208' title='bbox 1064 3436 1161 3513; x_wconf 89' lang='lat' dir='ltr'><strong>(D.</strong></span> <span class='ocrx_word' id='word_1_209' title='bbox 1194 3436 1465 3497; x_wconf 86' lang='lat' dir='ltr'><strong>Thomas</strong></span> <span class='ocrx_word' id='word_1_210' title='bbox 1502 3435 1565 3497; x_wconf 89' lang='lat' dir='ltr'><strong>in</strong></span> <span class='ocrx_word' id='word_1_211' title='bbox 1604 3439 1664 3508; x_wconf 75' lang='lat' dir='ltr'><strong>l,</strong></span> <span class='ocrx_word' id='word_1_212' title='bbox 1696 3435 1837 3497; x_wconf 91' lang='lat' dir='ltr'><strong>dist.</strong></span> <span class='ocrx_word' id='word_1_213' title='bbox 1870 3437 1996 3515; x_wconf 69' lang='lat'><strong>47).</strong></span> 
     </span>
     <span class='ocr_line' id='line_1_35' title="bbox 600 3528 2084 3611; baseline 0 -20"><span class='ocrx_word' id='word_1_214' title='bbox 600 3532 697 3591; x_wconf 79' lang='lat'><strong>13.</strong></span> <span class='ocrx_word' id='word_1_215' title='bbox 747 3528 893 3595; x_wconf 73' lang='lat' dir='ltr'><strong>Non</strong></span> <span class='ocrx_word' id='word_1_216' title='bbox 945 3528 1149 3592; x_wconf 73' lang='lat' dir='ltr'><strong>electio</strong></span> <span class='ocrx_word' id='word_1_217' title='bbox 1182 3545 1293 3591; x_wconf 74' lang='lat' dir='ltr'><strong>our</strong></span> <span class='ocrx_word' id='word_1_218' title='bbox 1340 3530 1413 3591; x_wconf 82' lang='lat' dir='ltr'><strong>ab</strong></span> <span class='ocrx_word' id='word_1_219' title='bbox 1461 3528 1763 3608; x_wconf 71' lang='lat' dir='ltr'><strong>aliquibus</strong></span> <span class='ocrx_word' id='word_1_220' title='bbox 1802 3529 2084 3611; x_wconf 70' lang='lat' dir='ltr'><strong>myativa</strong></span> 
     </span>
     <span class='ocr_line' id='line_1_36' title="bbox 513 3621 2081 3705; baseline -0.001 -21"><span class='ocrx_word' id='word_1_221' title='bbox 513 3624 853 3705; x_wconf 75' lang='lat' dir='ltr'><strong>reprobatio</strong></span> <span class='ocrx_word' id='word_1_222' title='bbox 880 3621 1213 3685; x_wconf 77' lang='lat' dir='ltr'><strong>nominata.</strong></span> <span class='ocrx_word' id='word_1_223' title='bbox 1234 3652 1317 3667; x_wconf 93' lang='lat'><strong>--</strong></span> <span class='ocrx_word' id='word_1_224' title='bbox 1334 3621 1770 3685; x_wconf 74' lang='lat' dir='ltr'><strong>Permissionis</strong></span> <span class='ocrx_word' id='word_1_225' title='bbox 1805 3626 2081 3702; x_wconf 72' lang='lat' dir='ltr'><strong>poccato-</strong></span> 
     </span>
     <span class='ocr_line' id='line_1_37' title="bbox 514 3715 2081 3795; baseline -0.001 -16"><span class='ocrx_word' id='word_1_226' title='bbox 514 3734 654 3779; x_wconf 78' lang='lat' dir='ltr'><strong>rum</strong></span> <span class='ocrx_word' id='word_1_227' title='bbox 680 3716 949 3779; x_wconf 72' lang='lat' dir='ltr'><strong>omnium</strong></span> <span class='ocrx_word' id='word_1_228' title='bbox 984 3715 1161 3779; x_wconf 76' lang='lat' dir='ltr'><strong>nulla</strong></span> <span class='ocrx_word' id='word_1_229' title='bbox 1198 3715 1383 3778; x_wconf 71' lang='lat' dir='ltr'><strong>datur</strong></span> <span class='ocrx_word' id='word_1_230' title='bbox 1423 3732 1499 3777; x_wconf 70' lang='grc' dir='ltr'><strong>σω</strong></span> <span class='ocrx_word' id='word_1_231' title='bbox 1529 3720 1709 3795; x_wconf 79' lang='lat' dir='ltr'><strong>parte</strong></span> <span class='ocrx_word' id='word_1_232' title='bbox 1741 3716 2081 3795; x_wconf 74' lang='lat' dir='ltr'><strong>peccatoris</strong></span> 
     </span>
     <span class='ocr_line' id='line_1_38' title="bbox 519 3807 2082 3888; baseline -0.003 -13"><span class='ocrx_word' id='word_1_233' title='bbox 519 3828 726 3875; x_wconf 76' lang='lat' dir='ltr'><strong>causa.</strong></span> <span class='ocrx_word' id='word_1_234' title='bbox 758 3842 840 3857; x_wconf 93' lang='grc'><strong>-</strong></span> <span class='ocrx_word' id='word_1_235' title='bbox 878 3807 1155 3881; x_wconf 73' lang='lat' dir='ltr'><strong>Qualiter</strong></span> <span class='ocrx_word' id='word_1_236' title='bbox 1181 3809 1345 3871; x_wconf 70' lang='lat' dir='ltr'><strong>Deus</strong></span> <span class='ocrx_word' id='word_1_237' title='bbox 1371 3808 1697 3871; x_wconf 73' lang='lat' dir='ltr'><strong>intenderit</strong></span> <span class='ocrx_word' id='word_1_238' title='bbox 1734 3807 2082 3888; x_wconf 72' lang='lat' dir='ltr'><strong>manifesta-</strong></span> 
     </span>
     <span class='ocr_line' id='line_1_39' title="bbox 514 3899 2082 3982; baseline -0.003 -15"><span class='ocrx_word' id='word_1_239' title='bbox 514 3904 737 3967; x_wconf 73' lang='lat' dir='ltr'><strong>tionem</strong></span> <span class='ocrx_word' id='word_1_240' title='bbox 770 3899 1039 3981; x_wconf 60' lang='lat' dir='ltr'><strong>justitie</strong></span> <span class='ocrx_word' id='word_1_241' title='bbox 1072 3919 1199 3965; x_wconf 68' lang='grc' dir='ltr'><strong>σω</strong></span> <span class='ocrx_word' id='word_1_242' title='bbox 1239 3901 1625 3965; x_wconf 77' lang='lat' dir='ltr'><strong>vindicativoe</strong></span> <span class='ocrx_word' id='word_1_243' title='bbox 1646 3901 1715 3963; x_wconf 71' lang='lat' dir='ltr'><strong>in</strong></span> <span class='ocrx_word' id='word_1_244' title='bbox 1730 3901 2082 3982; x_wconf 72' lang='lat' dir='ltr'><strong>permissio-</strong></span> 
     </span>
     <span class='ocr_line' id='line_1_40' title="bbox 512 3993 2082 4077; baseline -0.002 -20"><span class='ocrx_word' id='word_1_245' title='bbox 512 4014 589 4059; x_wconf 70' lang='lat' dir='ltr'><strong>ne</strong></span> <span class='ocrx_word' id='word_1_246' title='bbox 609 3996 866 4077; x_wconf 74' lang='lat' dir='ltr'><strong>peccati.</strong></span> <span class='ocrx_word' id='word_1_247' title='bbox 892 4028 977 4043; x_wconf 89' lang='lat'>—</span> <span class='ocrx_word' id='word_1_248' title='bbox 997 3996 1201 4073; x_wconf 85' lang='lat' dir='ltr'><strong>Atque</strong></span> <span class='ocrx_word' id='word_1_249' title='bbox 1240 3993 1386 4055; x_wconf 89' lang='lat' dir='ltr'><strong>hinc</strong></span> <span class='ocrx_word' id='word_1_250' title='bbox 1430 3995 1631 4057; x_wconf 91' lang='lat' dir='ltr'><strong>obiter</strong></span> <span class='ocrx_word' id='word_1_251' title='bbox 1674 4000 1938 4067; x_wconf 86' lang='lat' dir='ltr'><strong>constat,</strong></span> <span class='ocrx_word' id='word_1_252' title='bbox 1971 4012 2082 4055; x_wconf 90' lang='lat' dir='ltr'><strong>cur</strong></span> 
     </span>
     <span class='ocr_line' id='line_1_41' title="bbox 516 4087 2078 4167; baseline -0.001 -18"><span class='ocrx_word' id='word_1_253' title='bbox 516 4090 621 4149; x_wconf 89' lang='lat' dir='ltr'><strong>illa</strong></span> <span class='ocrx_word' id='word_1_254' title='bbox 660 4088 915 4167; x_wconf 89' lang='lat' dir='ltr'><strong>negatio</strong></span> <span class='ocrx_word' id='word_1_255' title='bbox 956 4087 1279 4149; x_wconf 76' lang='lat' dir='ltr'><strong>elecfionis</strong></span> <span class='ocrx_word' id='word_1_256' title='bbox 1321 4087 1485 4149; x_wconf 88' lang='lat' dir='ltr'><strong>dicta</strong></span> <span class='ocrx_word' id='word_1_257' title='bbox 1526 4088 1604 4149; x_wconf 91' lang='lat' dir='ltr'><strong>sit</strong></span> <span class='ocrx_word' id='word_1_258' title='bbox 1642 4088 1723 4149; x_wconf 82' lang='lat' dir='ltr'><strong>ab</strong></span> <span class='ocrx_word' id='word_1_259' title='bbox 1765 4087 2078 4167; x_wconf 86' lang='lat' dir='ltr'><strong>aliquibus</strong></span> 
     </span>
     <span class='ocr_line' id='line_1_42' title="bbox 512 4180 2079 4261; baseline 0 -20"><span class='ocrx_word' id='word_1_260' title='bbox 512 4180 867 4260; x_wconf 86' lang='lat' dir='ltr'><strong>reprobatio</strong></span> <span class='ocrx_word' id='word_1_261' title='bbox 916 4181 1247 4261; x_wconf 82' lang='lat' dir='ltr'><strong>negativa3</strong></span> <span class='ocrx_word' id='word_1_262' title='bbox 1292 4180 1441 4260; x_wconf 89' lang='lat' dir='ltr'><strong>quia</strong></span> <span class='ocrx_word' id='word_1_263' title='bbox 1484 4180 1779 4241; x_wconf 90' lang='lat' dir='ltr'><strong>nimirum</strong></span> <span class='ocrx_word' id='word_1_264' title='bbox 1828 4198 2079 4260; x_wconf 87' lang='lat' dir='ltr'><strong>semper</strong></span> 
     </span>
     <span class='ocr_line' id='line_1_43' title="bbox 512 4272 2078 4354; baseline -0.001 -19"><span class='ocrx_word' id='word_1_265' title='bbox 512 4275 705 4335; x_wconf 87' lang='lat' dir='ltr'><strong>habet</strong></span> <span class='ocrx_word' id='word_1_266' title='bbox 757 4273 1119 4354; x_wconf 87' lang='lat' dir='ltr'><strong>adjunctam</strong></span> <span class='ocrx_word' id='word_1_267' title='bbox 1171 4272 1533 4352; x_wconf 77' lang='lat' dir='ltr'><strong>praedictam</strong></span> <span class='ocrx_word' id='word_1_268' title='bbox 1598 4273 2078 4353; x_wconf 87' lang='lat' dir='ltr'><strong>permissionem</strong></span> 
     </span>
     <span class='ocr_line' id='line_1_44' title="bbox 514 4366 2079 4446; baseline -0.001 -17"><span class='ocrx_word' id='word_1_269' title='bbox 514 4385 661 4429; x_wconf 89' lang='lat' dir='ltr'><strong>cum</strong></span> <span class='ocrx_word' id='word_1_270' title='bbox 686 4367 795 4427; x_wconf 87' lang='lat' dir='ltr'><strong>tali</strong></span> <span class='ocrx_word' id='word_1_271' title='bbox 821 4366 1208 4446; x_wconf 75' lang='lat' dir='ltr'><strong>praescientia</strong></span> <span class='ocrx_word' id='word_1_272' title='bbox 1234 4366 1681 4440; x_wconf 86' lang='lat' dir='ltr'><strong>conditionata,</strong></span> <span class='ocrx_word' id='word_1_273' title='bbox 1713 4366 1940 4446; x_wconf 89' lang='lat' dir='ltr'><strong>quibus</strong></span> <span class='ocrx_word' id='word_1_274' title='bbox 1967 4384 2079 4446; x_wconf 91' lang='lat' dir='ltr'><strong>po-</strong></span> 
     </span>
     <span class='ocr_line' id='line_1_45' title="bbox 514 4460 2076 4535; baseline -0.001 -14"><span class='ocrx_word' id='word_1_275' title='bbox 514 4462 646 4521; x_wconf 86' lang='lat' dir='ltr'><strong>sitis</strong></span> <span class='ocrx_word' id='word_1_276' title='bbox 668 4506 684 4535; x_wconf 93' lang='lat'><strong>,</strong></span> <span class='ocrx_word' id='word_1_277' title='bbox 747 4460 1067 4523; x_wconf 85' lang='lat' dir='ltr'><strong>infallibile</strong></span> <span class='ocrx_word' id='word_1_278' title='bbox 1108 4466 1203 4523; x_wconf 86' lang='lat' dir='ltr'><strong>est</strong></span> <span class='ocrx_word' id='word_1_279' title='bbox 1247 4460 1571 4521; x_wconf 89' lang='lat' dir='ltr'><strong>hominem</strong></span> <span class='ocrx_word' id='word_1_280' title='bbox 1626 4478 1755 4521; x_wconf 89' lang='lat' dir='ltr'><strong>non</strong></span> <span class='ocrx_word' id='word_1_281' title='bbox 1806 4460 2076 4521; x_wconf 87' lang='lat' dir='ltr'><strong>electum</strong></span> 
     </span>
     <span class='ocr_line' id='line_1_46' title="bbox 511 4551 2076 4633; baseline -0.002 -17"><span class='ocrx_word' id='word_1_282' title='bbox 511 4554 647 4617; x_wconf 82' lang='lat' dir='ltr'><strong>fore</strong></span> <span class='ocrx_word' id='word_1_283' title='bbox 678 4554 1041 4633; x_wconf 88' lang='lat' dir='ltr'><strong>reprobum,</strong></span> <span class='ocrx_word' id='word_1_284' title='bbox 1086 4572 1215 4615; x_wconf 90' lang='lat' dir='ltr'><strong>non</strong></span> <span class='ocrx_word' id='word_1_285' title='bbox 1255 4553 1511 4633; x_wconf 87' lang='lat' dir='ltr'><strong>quidem</strong></span> <span class='ocrx_word' id='word_1_286' title='bbox 1560 4572 1639 4615; x_wconf 84' lang='lat' dir='ltr'><strong>ex</strong></span> <span class='ocrx_word' id='word_1_287' title='bbox 1665 4551 2076 4631; x_wconf 80' lang='lat' dir='ltr'><strong>proefinitione</strong></span> 
     </span>
     <span class='ocr_line' id='line_1_47' title="bbox 512 4644 2078 4726; baseline -0.002 -18"><span class='ocrx_word' id='word_1_288' title='bbox 512 4646 721 4709; x_wconf 82' lang='lat' dir='ltr'><strong>divina</strong></span> <span class='ocrx_word' id='word_1_289' title='bbox 748 4646 1181 4721; x_wconf 87' lang='lat' dir='ltr'><strong>antecedente,</strong></span> <span class='ocrx_word' id='word_1_290' title='bbox 1226 4646 1341 4708; x_wconf 89' lang='lat' dir='ltr'><strong>sed</strong></span> <span class='ocrx_word' id='word_1_291' title='bbox 1368 4664 1447 4708; x_wconf 86' lang='lat' dir='ltr'><strong>ex</strong></span> <span class='ocrx_word' id='word_1_292' title='bbox 1474 4644 1885 4726; x_wconf 76' lang='lat' dir='ltr'><strong>praescientia.</strong></span> <span class='ocrx_word' id='word_1_293' title='bbox 1918 4646 2078 4705; x_wconf 91' lang='lat' dir='ltr'><strong>Hinc</strong></span> 
     </span>
     <span class='ocr_line' id='line_1_48' title="bbox 516 4738 2077 4819; baseline -0.001 -18"><span class='ocrx_word' id='word_1_294' title='bbox 516 4739 705 4801; x_wconf 87' lang='lat' dir='ltr'><strong>etiam</strong></span> <span class='ocrx_word' id='word_1_295' title='bbox 740 4739 1107 4819; x_wconf 79' lang='lat' dir='ltr'><strong>intelligitur</strong></span> <span class='ocrx_word' id='word_1_296' title='bbox 1154 4740 1545 4801; x_wconf 85' lang='lat' dir='ltr'><strong>voluntatem</strong></span> <span class='ocrx_word' id='word_1_297' title='bbox 1598 4738 1769 4799; x_wconf 84' lang='lat' dir='ltr'><strong>illam</strong></span> <span class='ocrx_word' id='word_1_298' title='bbox 1817 4738 2077 4817; x_wconf 89' lang='lat' dir='ltr'><strong>permit-</strong></span> 
     </span>
     <span class='ocr_line' id='line_1_49' title="bbox 514 4832 2076 4914; baseline -0.001 -19"><span class='ocrx_word' id='word_1_299' title='bbox 514 4832 687 4895; x_wconf 89' lang='lat' dir='ltr'><strong>tendi</strong></span> <span class='ocrx_word' id='word_1_300' title='bbox 724 4840 985 4913; x_wconf 69' lang='lat' dir='ltr'><strong>pet-cata</strong></span> <span class='ocrx_word' id='word_1_301' title='bbox 1028 4834 1317 4914; x_wconf 85' lang='lat' dir='ltr'><strong>reprobi,</strong></span> <span class='ocrx_word' id='word_1_302' title='bbox 1360 4834 1416 4895; x_wconf 93' lang='lat' dir='ltr'><strong>si</strong></span> <span class='ocrx_word' id='word_1_303' title='bbox 1456 4834 1539 4897; x_wconf 86' lang='lat' dir='ltr'><strong>ad</strong></span> <span class='ocrx_word' id='word_1_304' title='bbox 1572 4840 1771 4895; x_wconf 90' lang='lat' dir='ltr'><strong>totum</strong></span> <span class='ocrx_word' id='word_1_305' title='bbox 1810 4833 1948 4912; x_wconf 85' lang='lat' dir='ltr'><strong>ejus</strong></span> <span class='ocrx_word' id='word_1_306' title='bbox 1982 4833 2076 4895; x_wconf 90' lang='lat' dir='ltr'><strong>la-</strong></span> 
     </span>
     <span class='ocr_line' id='line_1_50' title="bbox 512 4928 2082 5008; baseline 0 -20"><span class='ocrx_word' id='word_1_307' title='bbox 512 4946 698 5007; x_wconf 89' lang='lat' dir='ltr'><strong>psum</strong></span> <span class='ocrx_word' id='word_1_308' title='bbox 750 4934 1149 5008; x_wconf 86' lang='lat' dir='ltr'><strong>comparetur</strong></span> <span class='ocrx_word' id='word_1_309' title='bbox 1165 4971 1181 5002; x_wconf 94' lang='lat'><strong>,</strong></span> <span class='ocrx_word' id='word_1_310' title='bbox 1230 4946 1357 4991; x_wconf 89' lang='lat' dir='ltr'><strong>non</strong></span> <span class='ocrx_word' id='word_1_311' title='bbox 1407 4928 1640 4991; x_wconf 88' lang='lat' dir='ltr'><strong>habere</strong></span> <span class='ocrx_word' id='word_1_312' title='bbox 1696 4944 1952 4989; x_wconf 88' lang='lat' dir='ltr'><strong>causam</strong></span> <span class='ocrx_word' id='word_1_313' title='bbox 2005 4946 2082 4989; x_wconf 85' lang='lat' dir='ltr'><strong>ex</strong></span> 
     </span>
     <span class='ocr_line' id='line_1_51' title="bbox 512 5020 2082 5101; baseline 0.001 -20"><span class='ocrx_word' id='word_1_314' title='bbox 512 5024 695 5100; x_wconf 87' lang='lat' dir='ltr'><strong>parte</strong></span> <span class='ocrx_word' id='word_1_315' title='bbox 722 5021 912 5083; x_wconf 89' lang='lat' dir='ltr'><strong>illius.</strong></span> <span class='ocrx_word' id='word_1_316' title='bbox 958 5023 1241 5100; x_wconf 85' lang='lat' dir='ltr'><strong>Namque</strong></span> <span class='ocrx_word' id='word_1_317' title='bbox 1278 5022 1345 5081; x_wconf 90' lang='lat' dir='ltr'><strong>in</strong></span> <span class='ocrx_word' id='word_1_318' title='bbox 1378 5021 1621 5101; x_wconf 87' lang='lat' dir='ltr'><strong>angelis</strong></span> <span class='ocrx_word' id='word_1_319' title='bbox 1664 5020 1867 5095; x_wconf 76' lang='lat' dir='ltr'><strong>malie,</strong></span> <span class='ocrx_word' id='word_1_320' title='bbox 1904 5021 2082 5083; x_wconf 80' lang='lat' dir='ltr'><strong>verbi</strong></span> 
     </span>
     <span class='ocr_line' id='line_1_52' title="bbox 514 5114 2080 5194; baseline 0 -19"><span class='ocrx_word' id='word_1_321' title='bbox 514 5114 736 5193; x_wconf 80' lang='lat' dir='ltr'><strong>gratia,</strong></span> <span class='ocrx_word' id='word_1_322' title='bbox 769 5114 941 5193; x_wconf 89' lang='lat' dir='ltr'><strong>quod</strong></span> <span class='ocrx_word' id='word_1_323' title='bbox 964 5115 1135 5177; x_wconf 89' lang='lat' dir='ltr'><strong>Deus</strong></span> <span class='ocrx_word' id='word_1_324' title='bbox 1164 5114 1519 5194; x_wconf 88' lang='lat' dir='ltr'><strong>permiserit</strong></span> <span class='ocrx_word' id='word_1_325' title='bbox 1540 5114 1817 5194; x_wconf 89' lang='lat' dir='ltr'><strong>primum</strong></span> <span class='ocrx_word' id='word_1_326' title='bbox 1859 5132 2080 5176; x_wconf 89' lang='lat' dir='ltr'><strong>eorum</strong></span> 
     </span>
     <span class='ocr_line' id='line_1_53' title="bbox 512 5208 2080 5287; baseline 0 -20"><span class='ocrx_word' id='word_1_327' title='bbox 512 5214 845 5285; x_wconf 86' lang='lat' dir='ltr'><strong>peccatum</strong></span> <span class='ocrx_word' id='word_1_328' title='bbox 870 5252 887 5281; x_wconf 91' lang='lat'><strong>,</strong></span> <span class='ocrx_word' id='word_1_329' title='bbox 942 5226 1071 5269; x_wconf 87' lang='lat' dir='ltr'><strong>non</strong></span> <span class='ocrx_word' id='word_1_330' title='bbox 1124 5213 1330 5287; x_wconf 88' lang='lat' dir='ltr'><strong>potest</strong></span> <span class='ocrx_word' id='word_1_331' title='bbox 1399 5208 1633 5269; x_wconf 82' lang='lat' dir='ltr'><strong>habere</strong></span> <span class='ocrx_word' id='word_1_332' title='bbox 1686 5224 1942 5269; x_wconf 87' lang='lat' dir='ltr'><strong>causam</strong></span> <span class='ocrx_word' id='word_1_333' title='bbox 2001 5226 2080 5269; x_wconf 85' lang='lat' dir='ltr'><strong>ex</strong></span> 
     </span>
     <span class='ocr_line' id='line_1_54' title="bbox 511 5301 2078 5381; baseline 0 -18"><span class='ocrx_word' id='word_1_334' title='bbox 511 5306 693 5379; x_wconf 84' lang='lat' dir='ltr'><strong>parte</strong></span> <span class='ocrx_word' id='word_1_335' title='bbox 724 5301 993 5377; x_wconf 88' lang='lat' dir='ltr'><strong>illorum,</strong></span> <span class='ocrx_word' id='word_1_336' title='bbox 1046 5301 1195 5381; x_wconf 87' lang='lat' dir='ltr'><strong>quia</strong></span> <span class='ocrx_word' id='word_1_337' title='bbox 1242 5306 1385 5363; x_wconf 86' lang='lat' dir='ltr'><strong>ante</strong></span> <span class='ocrx_word' id='word_1_338' title='bbox 1433 5302 1707 5381; x_wconf 87' lang='lat' dir='ltr'><strong>primum</strong></span> <span class='ocrx_word' id='word_1_339' title='bbox 1752 5306 2078 5381; x_wconf 84' lang='lat' dir='ltr'><strong>peccatum</strong></span> 
     </span>
     <span class='ocr_line' id='line_1_55' title="bbox 512 5394 2080 5475; baseline 0.003 -21"><span class='ocrx_word' id='word_1_340' title='bbox 512 5412 641 5455; x_wconf 87' lang='lat' dir='ltr'><strong>non</strong></span> <span class='ocrx_word' id='word_1_341' title='bbox 672 5400 770 5456; x_wconf 86' lang='lat' dir='ltr'><strong>est</strong></span> <span class='ocrx_word' id='word_1_342' title='bbox 796 5394 1001 5468; x_wconf 88' lang='lat' dir='ltr'><strong>aliud;</strong></span> <span class='ocrx_word' id='word_1_343' title='bbox 1038 5402 1101 5457; x_wconf 88' lang='lat' dir='ltr'><strong>et</strong></span> <span class='ocrx_word' id='word_1_344' title='bbox 1128 5401 1343 5459; x_wconf 88' lang='lat' dir='ltr'><strong>tamen</strong></span> <span class='ocrx_word' id='word_1_345' title='bbox 1386 5400 1534 5457; x_wconf 88' lang='lat' dir='ltr'><strong>ante</strong></span> <span class='ocrx_word' id='word_1_346' title='bbox 1562 5396 1833 5475; x_wconf 85' lang='lat' dir='ltr'><strong>primum</strong></span> <span class='ocrx_word' id='word_1_347' title='bbox 1860 5414 2080 5458; x_wconf 89' lang='lat' dir='ltr'><strong>eorum</strong></span> 
     </span>
     <span class='ocr_line' id='line_1_56' title="bbox 510 5488 2077 5571; baseline 0.001 -23"><span class='ocrx_word' id='word_1_348' title='bbox 510 5494 839 5567; x_wconf 89' lang='lat' dir='ltr'><strong>peccatum</strong></span> <span class='ocrx_word' id='word_1_349' title='bbox 868 5489 1203 5551; x_wconf 85' lang='lat' dir='ltr'><strong>antecessit</strong></span> <span class='ocrx_word' id='word_1_350' title='bbox 1229 5489 1555 5567; x_wconf 84' lang='lat' dir='ltr'><strong>permissio</strong></span> <span class='ocrx_word' id='word_1_351' title='bbox 1586 5489 1756 5569; x_wconf 78' lang='lat' dir='ltr'><strong>ejus3</strong></span> <span class='ocrx_word' id='word_1_352' title='bbox 1789 5488 1895 5550; x_wconf 88' lang='lat' dir='ltr'><strong>illa</strong></span> <span class='ocrx_word' id='word_1_353' title='bbox 1926 5508 2077 5571; x_wconf 87' lang='lat' dir='ltr'><strong>ergo</strong></span> 
     </span>
    </p>
   </div>
   <div class='ocr_carea' id='block_1_3' title="bbox 1070 345 3160 415">
    <p class='ocr_par' dir='ltr' id='par_1_3' title="bbox 1070 345 3160 415">
     <span class='ocr_line' id='line_1_57' title="bbox 1070 345 3160 415; baseline 0 -15"><span class='ocrx_word' id='word_1_354' title='bbox 1070 346 1283 415; x_wconf 79' lang='lat' dir='ltr'><strong>OPUSC.</strong></span> <span class='ocrx_word' id='word_1_355' title='bbox 1318 349 1357 412; x_wconf 86' lang='lat'><strong>1,</strong></span> <span class='ocrx_word' id='word_1_356' title='bbox 1392 348 1509 400; x_wconf 90' lang='lat' dir='ltr'><strong>LlB.</strong></span> <span class='ocrx_word' id='word_1_357' title='bbox 1546 348 1607 401; x_wconf 86' lang='lat' dir='ltr'><strong>n.</strong></span> <span class='ocrx_word' id='word_1_358' title='bbox 1644 347 1725 401; x_wconf 72' lang='grc' dir='ltr'><strong>ΒΕ</strong></span> <span class='ocrx_word' id='word_1_359' title='bbox 1758 345 2078 400; x_wconf 81' lang='lat' dir='ltr'>CONCURSU</span> <span class='ocrx_word' id='word_1_360' title='bbox 2113 346 2216 400; x_wconf 78' lang='lat' dir='ltr'><strong>nm</strong></span> <span class='ocrx_word' id='word_1_361' title='bbox 2249 347 2334 400; x_wconf 72' lang='lat' dir='ltr'><strong>An</strong></span> <span class='ocrx_word' id='word_1_362' title='bbox 2365 349 2564 402; x_wconf 78' lang='lat' dir='ltr'>ACTUS</span> <span class='ocrx_word' id='word_1_363' title='bbox 2596 348 2842 402; x_wconf 75' lang='lat' dir='ltr'><strong>onolms</strong></span> <span class='ocrx_word' id='word_1_364' title='bbox 2873 348 3160 402; x_wconf 73' lang='lat' dir='ltr'><strong>NATURAE.</strong></span> 
     </span>
    </p>
   </div>
   <div class='ocr_carea' id='block_1_4' title="bbox 2158 451 3811 3423">
    <p class='ocr_par' dir='ltr' id='par_1_4' title="bbox 2158 451 3811 3423">
     <span class='ocr_line' id='line_1_58' title="bbox 2163 451 3695 530; baseline 0.003 -20"><span class='ocrx_word' id='word_1_365' title='bbox 2163 469 2292 514; x_wconf 89' lang='lat' dir='ltr'><strong>non</strong></span> <span class='ocrx_word' id='word_1_366' title='bbox 2317 452 2507 514; x_wconf 89' lang='lat' dir='ltr'><strong>habet</strong></span> <span class='ocrx_word' id='word_1_367' title='bbox 2535 469 2792 512; x_wconf 90' lang='lat' dir='ltr'><strong>eausam</strong></span> <span class='ocrx_word' id='word_1_368' title='bbox 2817 451 3157 530; x_wconf 84' lang='lat' dir='ltr'><strong>specialem</strong></span> <span class='ocrx_word' id='word_1_369' title='bbox 3179 467 3259 512; x_wconf 83' lang='lat' dir='ltr'><strong>ex</strong></span> <span class='ocrx_word' id='word_1_370' title='bbox 3283 455 3458 528; x_wconf 88' lang='lat' dir='ltr'><strong>parte</strong></span> <span class='ocrx_word' id='word_1_371' title='bbox 3477 451 3695 529; x_wconf 80' lang='lat' dir='ltr'><strong>Angeli.</strong></span> 
     </span>
     <span class='ocr_line' id='line_1_59' title="bbox 2164 542 3694 623; baseline -0.002 -17"><span class='ocrx_word' id='word_1_372' title='bbox 2164 547 2242 606; x_wconf 91' lang='lat' dir='ltr'><strong>Et</strong></span> <span class='ocrx_word' id='word_1_373' title='bbox 2277 545 2444 608; x_wconf 88' lang='lat' dir='ltr'><strong>idem</strong></span> <span class='ocrx_word' id='word_1_374' title='bbox 2495 550 2591 606; x_wconf 89' lang='lat' dir='ltr'><strong>est</strong></span> <span class='ocrx_word' id='word_1_375' title='bbox 2620 545 2688 605; x_wconf 90' lang='lat' dir='ltr'><strong>in</strong></span> <span class='ocrx_word' id='word_1_376' title='bbox 2739 545 3098 605; x_wconf 87' lang='lat' dir='ltr'><strong>hominibus</strong></span> <span class='ocrx_word' id='word_1_377' title='bbox 3133 542 3344 623; x_wconf 89' lang='lat' dir='ltr'><strong>quoad</strong></span> <span class='ocrx_word' id='word_1_378' title='bbox 3371 542 3694 620; x_wconf 85' lang='lat' dir='ltr'><strong>permissio·</strong></span> 
     </span>
     <span class='ocr_line' id='line_1_60' title="bbox 2167 636 3696 718; baseline -0.001 -18"><span class='ocrx_word' id='word_1_379' title='bbox 2167 657 2314 700; x_wconf 90' lang='lat' dir='ltr'><strong>nem</strong></span> <span class='ocrx_word' id='word_1_380' title='bbox 2364 639 2600 718; x_wconf 88' lang='lat' dir='ltr'><strong>peccati</strong></span> <span class='ocrx_word' id='word_1_381' title='bbox 2656 637 2805 699; x_wconf 80' lang='lat' dir='ltr'><strong>Adae</strong></span> <span class='ocrx_word' id='word_1_382' title='bbox 2826 684 2842 712; x_wconf 95' lang='lat'><strong>,</strong></span> <span class='ocrx_word' id='word_1_383' title='bbox 2903 645 2974 700; x_wconf 91' lang='lat' dir='ltr'><strong>ut</strong></span> <span class='ocrx_word' id='word_1_384' title='bbox 3011 636 3412 699; x_wconf 83' lang='lat' dir='ltr'><strong>secludamus</strong></span> <span class='ocrx_word' id='word_1_385' title='bbox 3439 637 3696 713; x_wconf 79' lang='lat' dir='ltr'><strong>quaestio-</strong></span> 
     </span>
     <span class='ocr_line' id='line_1_61' title="bbox 2167 732 3698 813; baseline -0.003 -19"><span class='ocrx_word' id='word_1_386' title='bbox 2167 752 2314 794; x_wconf 90' lang='lat' dir='ltr'><strong>nem</strong></span> <span class='ocrx_word' id='word_1_387' title='bbox 2343 733 2422 795; x_wconf 90' lang='lat' dir='ltr'><strong>de</strong></span> <span class='ocrx_word' id='word_1_388' title='bbox 2449 733 2859 813; x_wconf 87' lang='lat' dir='ltr'><strong>permissione</strong></span> <span class='ocrx_word' id='word_1_389' title='bbox 2899 732 3165 794; x_wconf 85' lang='lat' dir='ltr'><strong>aliorum</strong></span> <span class='ocrx_word' id='word_1_390' title='bbox 3197 735 3592 810; x_wconf 86' lang='lat' dir='ltr'><strong>peccatorum</strong></span> <span class='ocrx_word' id='word_1_391' title='bbox 3615 749 3698 790; x_wconf 83' lang='lat' dir='ltr'><strong>ac-</strong></span> 
     </span>
     <span class='ocr_line' id='line_1_62' title="bbox 2167 821 3695 905; baseline -0.003 -18"><span class='ocrx_word' id='word_1_392' title='bbox 2167 826 2429 888; x_wconf 89' lang='lat' dir='ltr'><strong>tualium</strong></span> <span class='ocrx_word' id='word_1_393' title='bbox 2471 830 2612 904; x_wconf 90' lang='lat' dir='ltr'><strong>post</strong></span> <span class='ocrx_word' id='word_1_394' title='bbox 2645 824 2980 905; x_wconf 84' lang='lat' dir='ltr'><strong>praevisum</strong></span> <span class='ocrx_word' id='word_1_395' title='bbox 3020 821 3347 903; x_wconf 79' lang='lat' dir='ltr'><strong>originale.</strong></span> <span class='ocrx_word' id='word_1_396' title='bbox 3388 821 3536 882; x_wconf 80' lang='lat' dir='ltr'><strong>Haec</strong></span> <span class='ocrx_word' id='word_1_397' title='bbox 3572 839 3695 882; x_wconf 77' lang='lat' dir='ltr'><strong>vero</strong></span> 
     </span>
     <span class='ocr_line' id='line_1_63' title="bbox 2165 917 3698 1000; baseline -0.003 -20"><span class='ocrx_word' id='word_1_398' title='bbox 2165 920 2366 1000; x_wconf 87' lang='lat' dir='ltr'><strong>prima</strong></span> <span class='ocrx_word' id='word_1_399' title='bbox 2409 919 2736 1000; x_wconf 89' lang='lat' dir='ltr'><strong>permissio</strong></span> <span class='ocrx_word' id='word_1_400' title='bbox 2764 919 2865 980; x_wconf 82' lang='lat' dir='ltr'><strong>vel</strong></span> <span class='ocrx_word' id='word_1_401' title='bbox 2890 918 3178 978; x_wconf 87' lang='lat' dir='ltr'><strong>voluntas</strong></span> <span class='ocrx_word' id='word_1_402' title='bbox 3203 917 3342 994; x_wconf 87' lang='lat' dir='ltr'><strong>ejus</strong></span> <span class='ocrx_word' id='word_1_403' title='bbox 3366 932 3498 976; x_wconf 86' lang='lat' dir='ltr'><strong>non</strong></span> <span class='ocrx_word' id='word_1_404' title='bbox 3525 920 3698 992; x_wconf 80' lang='lat' dir='ltr'><strong>potest</strong></span> 
     </span>
     <span class='ocr_line' id='line_1_64' title="bbox 2165 1007 3811 1091; baseline -0.003 -19"><span class='ocrx_word' id='word_1_405' title='bbox 2165 1011 2288 1072; x_wconf 89' lang='lat' dir='ltr'><strong>dici</strong></span> <span class='ocrx_word' id='word_1_406' title='bbox 2345 1011 2702 1090; x_wconf 90' lang='lat' dir='ltr'><strong>reprobatio</strong></span> <span class='ocrx_word' id='word_1_407' title='bbox 2748 1011 3012 1091; x_wconf 86' lang='lat' dir='ltr'><strong>positiva</strong></span> <span class='ocrx_word' id='word_1_408' title='bbox 3043 1055 3060 1084; x_wconf 90' lang='lat'><strong>,</strong></span> <span class='ocrx_word' id='word_1_409' title='bbox 3109 1009 3258 1088; x_wconf 88' lang='lat' dir='ltr'><strong>quia</strong></span> <span class='ocrx_word' id='word_1_410' title='bbox 3313 1007 3488 1068; x_wconf 85' lang='lat' dir='ltr'><strong>nullo</strong></span> <span class='ocrx_word' id='word_1_411' title='bbox 3537 1007 3698 1067; x_wconf 87' lang='lat' dir='ltr'><strong>modo</strong></span> <span class='ocrx_word' id='word_1_412' title='bbox 3809 1075 3811 1082; x_wconf 26' lang='grc' dir='ltr'>Ι</span> 
     </span>
     <span class='ocr_line' id='line_1_65' title="bbox 2165 1099 3694 1186; baseline -0.004 -22"><span class='ocrx_word' id='word_1_413' title='bbox 2165 1105 2467 1186; x_wconf 89' lang='lat' dir='ltr'><strong>processit</strong></span> <span class='ocrx_word' id='word_1_414' title='bbox 2495 1123 2572 1166; x_wconf 85' lang='lat' dir='ltr'><strong>ex</strong></span> <span class='ocrx_word' id='word_1_415' title='bbox 2610 1105 2929 1166; x_wconf 85' lang='lat' dir='ltr'><strong>voluntate</strong></span> <span class='ocrx_word' id='word_1_416' title='bbox 2971 1101 3312 1164; x_wconf 87' lang='lat' dir='ltr'><strong>damnandi</strong></span> <span class='ocrx_word' id='word_1_417' title='bbox 3343 1099 3694 1178; x_wconf 64' lang='lat' dir='ltr'><strong>reprobum</strong></span> 
     </span>
     <span class='ocr_line' id='line_1_66' title="bbox 2165 1193 3811 1278; baseline -0.004 -20"><span class='ocrx_word' id='word_1_418' title='bbox 2165 1217 2371 1278; x_wconf 85' lang='lat' dir='ltr'><strong>neque</strong></span> <span class='ocrx_word' id='word_1_419' title='bbox 2401 1217 2480 1258; x_wconf 85' lang='lat' dir='ltr'><strong>ex</strong></span> <span class='ocrx_word' id='word_1_420' title='bbox 2496 1198 2736 1277; x_wconf 88' lang='lat' dir='ltr'><strong>justitia</strong></span> <span class='ocrx_word' id='word_1_421' title='bbox 2761 1197 3136 1259; x_wconf 81' lang='lat' dir='ltr'><strong>vindicativa</strong></span> <span class='ocrx_word' id='word_1_422' title='bbox 3161 1201 3270 1256; x_wconf 87' lang='lat' dir='ltr'><strong>aut</strong></span> <span class='ocrx_word' id='word_1_423' title='bbox 3289 1193 3590 1274; x_wconf 82' lang='lat' dir='ltr'><strong>punitiva,</strong></span> <span class='ocrx_word' id='word_1_424' title='bbox 3609 1193 3700 1254; x_wconf 87' lang='lat' dir='ltr'><strong>sed</strong></span> <span class='ocrx_word' id='word_1_425' title='bbox 3809 1251 3811 1260; x_wconf 81' lang='grc'>,</span> 
     </span>
     <span class='ocr_line' id='line_1_67' title="bbox 2168 1279 3811 1370; baseline -0.004 -18"><span class='ocrx_word' id='word_1_426' title='bbox 2168 1309 2246 1352; x_wconf 81' lang='lat' dir='ltr'><strong>ex</strong></span> <span class='ocrx_word' id='word_1_427' title='bbox 2305 1290 2580 1370; x_wconf 80' lang='lat' dir='ltr'><strong>quadam</strong></span> <span class='ocrx_word' id='word_1_428' title='bbox 2617 1291 2860 1352; x_wconf 88' lang='lat' dir='ltr'><strong>ratione</strong></span> <span class='ocrx_word' id='word_1_429' title='bbox 2913 1288 3226 1370; x_wconf 88' lang='lat' dir='ltr'><strong>generalis</strong></span> <span class='ocrx_word' id='word_1_430' title='bbox 3277 1284 3669 1368; x_wconf 68' lang='lat' dir='ltr'><strong>providentiis</strong></span> <span class='ocrx_word' id='word_1_431' title='bbox 3687 1333 3700 1355; x_wconf 88' lang='lat'><strong>,</strong></span> <span class='ocrx_word' id='word_1_432' title='bbox 3809 1279 3811 1350; x_wconf 75' lang='grc' dir='ltr'>Ϊ</span> 
     </span>
     <span class='ocr_line' id='line_1_68' title="bbox 2167 1371 3811 1463; baseline -0.004 -18"><span class='ocrx_word' id='word_1_433' title='bbox 2167 1401 2294 1463; x_wconf 88' lang='lat' dir='ltr'><strong>qua</strong></span> <span class='ocrx_word' id='word_1_434' title='bbox 2319 1385 2484 1445; x_wconf 89' lang='lat' dir='ltr'><strong>Deus</strong></span> <span class='ocrx_word' id='word_1_435' title='bbox 2517 1383 2650 1445; x_wconf 81' lang='lat' dir='ltr'><strong>vult</strong></span> <span class='ocrx_word' id='word_1_436' title='bbox 2691 1384 2898 1446; x_wconf 87' lang='lat' dir='ltr'><strong>sinere</strong></span> <span class='ocrx_word' id='word_1_437' title='bbox 2942 1399 3202 1444; x_wconf 90' lang='lat' dir='ltr'><strong>causam</strong></span> <span class='ocrx_word' id='word_1_438' title='bbox 3249 1378 3612 1450; x_wconf 86' lang='lat' dir='ltr'><strong>secundam,</strong></span> <span class='ocrx_word' id='word_1_439' title='bbox 3650 1387 3704 1440; x_wconf 86' lang='lat' dir='ltr'><strong>ut</strong></span> <span class='ocrx_word' id='word_1_440' title='bbox 3809 1371 3811 1446; x_wconf 67' lang='lat' dir='ltr'>s</span> 
     </span>
     <span class='ocr_line' id='line_1_69' title="bbox 2166 1472 3811 1558; baseline -0.004 -21"><span class='ocrx_word' id='word_1_441' title='bbox 2166 1483 2374 1538; x_wconf 89' lang='lat' dir='ltr'><strong>motus</strong></span> <span class='ocrx_word' id='word_1_442' title='bbox 2407 1495 2556 1538; x_wconf 89' lang='lat' dir='ltr'><strong>suos</strong></span> <span class='ocrx_word' id='word_1_443' title='bbox 2591 1481 2758 1557; x_wconf 84' lang='lat' dir='ltr'><strong>agat.</strong></span> <span class='ocrx_word' id='word_1_444' title='bbox 2791 1477 2992 1551; x_wconf 89' lang='lat' dir='ltr'><strong>Unde,</strong></span> <span class='ocrx_word' id='word_1_445' title='bbox 3024 1475 3198 1556; x_wconf 87' lang='lat' dir='ltr'><strong>quod</strong></span> <span class='ocrx_word' id='word_1_446' title='bbox 3228 1472 3490 1552; x_wconf 87' lang='lat' dir='ltr'><strong>quidam</strong></span> <span class='ocrx_word' id='word_1_447' title='bbox 3531 1473 3701 1544; x_wconf 83' lang='lat' dir='ltr'><strong>aiunt,</strong></span> <span class='ocrx_word' id='word_1_448' title='bbox 3806 1531 3811 1558; x_wconf 55' lang='grc' dir='ltr'>Ι</span> 
     </span>
     <span class='ocr_line' id='line_1_70' title="bbox 2165 1565 3808 1649; baseline -0.004 -18"><span class='ocrx_word' id='word_1_449' title='bbox 2165 1571 2371 1632; x_wconf 90' lang='lat' dir='ltr'><strong>Deum</strong></span> <span class='ocrx_word' id='word_1_450' title='bbox 2387 1570 2489 1632; x_wconf 80' lang='lat' dir='ltr'><strong>vol</strong></span> <span class='ocrx_word' id='word_1_451' title='bbox 2497 1570 2658 1632; x_wconf 89' lang='lat' dir='ltr'><strong>uisse</strong></span> <span class='ocrx_word' id='word_1_452' title='bbox 2673 1570 2847 1632; x_wconf 86' lang='lat' dir='ltr'><strong>illam</strong></span> <span class='ocrx_word' id='word_1_453' title='bbox 2861 1570 3126 1649; x_wconf 88' lang='lat' dir='ltr'><strong>primam</strong></span> <span class='ocrx_word' id='word_1_454' title='bbox 3138 1565 3635 1647; x_wconf 86' lang='lat' dir='ltr'><strong>permissionem,</strong></span> <span class='ocrx_word' id='word_1_455' title='bbox 3652 1570 3704 1625; x_wconf 86' lang='lat' dir='ltr'><strong>ut</strong></span> <span class='ocrx_word' id='word_1_456' title='bbox 3806 1635 3808 1638; x_wconf 11' lang='lat' dir='ltr'>y</span> 
     </span>
     <span class='ocr_line' id='line_1_71' title="bbox 2167 1655 3808 1744; baseline -0.007 -18"><span class='ocrx_word' id='word_1_457' title='bbox 2167 1664 2458 1726; x_wconf 89' lang='lat' dir='ltr'><strong>ostendat</strong></span> <span class='ocrx_word' id='word_1_458' title='bbox 2475 1665 2780 1744; x_wconf 84' lang='lat' dir='ltr'><strong>justitiam</strong></span> <span class='ocrx_word' id='word_1_459' title='bbox 2805 1681 2988 1724; x_wconf 89' lang='lat' dir='ltr'><strong>suam</strong></span> <span class='ocrx_word' id='word_1_460' title='bbox 3017 1664 3082 1724; x_wconf 91' lang='lat' dir='ltr'><strong>in</strong></span> <span class='ocrx_word' id='word_1_461' title='bbox 3107 1659 3435 1742; x_wconf 87' lang='lat' dir='ltr'><strong>punitione</strong></span> <span class='ocrx_word' id='word_1_462' title='bbox 3463 1659 3700 1737; x_wconf 81' lang='lat' dir='ltr'><strong>peccati.</strong></span> <span class='ocrx_word' id='word_1_463' title='bbox 3806 1655 3808 1714; x_wconf 80' lang='grc' dir='ltr'>ἑ</span> 
     </span>
     <span class='ocr_line' id='line_1_72' title="bbox 2167 1751 3704 1838; baseline -0.006 -19"><span class='ocrx_word' id='word_1_464' title='bbox 2167 1759 2218 1820; x_wconf 89' lang='lat' dir='ltr'><strong>si</strong></span> <span class='ocrx_word' id='word_1_465' title='bbox 2257 1758 2610 1838; x_wconf 79' lang='lat' dir='ltr'><strong>intelligant</strong></span> <span class='ocrx_word' id='word_1_466' title='bbox 2663 1759 2862 1818; x_wconf 92' lang='lat' dir='ltr'><strong>Deum</strong></span> <span class='ocrx_word' id='word_1_467' title='bbox 2909 1754 3251 1818; x_wconf 86' lang='lat' dir='ltr'><strong>intendisse</strong></span> <span class='ocrx_word' id='word_1_468' title='bbox 3310 1754 3486 1814; x_wconf 90' lang='lat' dir='ltr'><strong>hunc</strong></span> <span class='ocrx_word' id='word_1_469' title='bbox 3539 1751 3704 1812; x_wconf 86' lang='lat' dir='ltr'><strong>finem</strong></span> 
     </span>
     <span class='ocr_line' id='line_1_73' title="bbox 2165 1845 3706 1929; baseline -0.007 -16"><span class='ocrx_word' id='word_1_470' title='bbox 2165 1850 2402 1914; x_wconf 86' lang='lat' dir='ltr'><strong>efficaci</strong></span> <span class='ocrx_word' id='word_1_471' title='bbox 2429 1851 2752 1912; x_wconf 83' lang='lat' dir='ltr'><strong>voluntate</strong></span> <span class='ocrx_word' id='word_1_472' title='bbox 2775 1856 2836 1912; x_wconf 88' lang='lat' dir='ltr'><strong>et</strong></span> <span class='ocrx_word' id='word_1_473' title='bbox 2859 1848 3292 1929; x_wconf 62' lang='lat' dir='ltr'><strong>praefinitione,</strong></span> <span class='ocrx_word' id='word_1_474' title='bbox 3325 1851 3390 1908; x_wconf 91' lang='lat' dir='ltr'><strong>et</strong></span> <span class='ocrx_word' id='word_1_475' title='bbox 3413 1845 3557 1905; x_wconf 86' lang='lat' dir='ltr'><strong>ideo</strong></span> <span class='ocrx_word' id='word_1_476' title='bbox 3585 1863 3706 1922; x_wconf 88' lang='lat' dir='ltr'><strong>per·</strong></span> 
     </span>
     <span class='ocr_line' id='line_1_74' title="bbox 2165 1937 3808 2023; baseline -0.007 -17"><span class='ocrx_word' id='word_1_477' title='bbox 2165 1945 2406 2006; x_wconf 90' lang='lat' dir='ltr'><strong>misisse</strong></span> <span class='ocrx_word' id='word_1_478' title='bbox 2446 1949 2772 2023; x_wconf 87' lang='lat' dir='ltr'><strong>peccatum</strong></span> <span class='ocrx_word' id='word_1_479' title='bbox 2791 1989 2808 2017; x_wconf 93' lang='lat'>‚</span> <span class='ocrx_word' id='word_1_480' title='bbox 2859 1942 3086 2004; x_wconf 82' lang='lat' dir='ltr'><strong>falsum</strong></span> <span class='ocrx_word' id='word_1_481' title='bbox 3135 1947 3252 2014; x_wconf 85' lang='lat' dir='ltr'><strong>est,</strong></span> <span class='ocrx_word' id='word_1_482' title='bbox 3293 1943 3358 2002; x_wconf 91' lang='lat' dir='ltr'><strong>et</strong></span> <span class='ocrx_word' id='word_1_483' title='bbox 3405 1937 3618 1999; x_wconf 89' lang='lat' dir='ltr'><strong>incidit</strong></span> <span class='ocrx_word' id='word_1_484' title='bbox 3653 1938 3702 1996; x_wconf 89' lang='lat' dir='ltr'><strong>in</strong></span> <span class='ocrx_word' id='word_1_485' title='bbox 3806 1999 3808 2002; x_wconf 61' lang='grc'>,</span> 
     </span>
     <span class='ocr_line' id='line_1_75' title="bbox 2165 2032 3702 2116; baseline -0.007 -17"><span class='ocrx_word' id='word_1_486' title='bbox 2165 2037 2538 2100; x_wconf 87' lang='lat' dir='ltr'><strong>sententiam</strong></span> <span class='ocrx_word' id='word_1_487' title='bbox 2581 2037 3014 2116; x_wconf 80' lang='lat' dir='ltr'><strong>impugnatam</strong></span> <span class='ocrx_word' id='word_1_488' title='bbox 3057 2035 3138 2096; x_wconf 89' lang='lat' dir='ltr'><strong>de</strong></span> <span class='ocrx_word' id='word_1_489' title='bbox 3174 2032 3702 2113; x_wconf 62' lang='lat' dir='ltr'><strong>praedestinatione</strong></span> 
     </span>
     <span class='ocr_line' id='line_1_76' title="bbox 2163 2128 3706 2210; baseline -0.006 -17"><span class='ocrx_word' id='word_1_490' title='bbox 2163 2132 2492 2193; x_wconf 89' lang='lat' dir='ltr'><strong>hominum</strong></span> <span class='ocrx_word' id='word_1_491' title='bbox 2519 2128 2940 2210; x_wconf 89' lang='lat' dir='ltr'><strong>quorumdam</strong></span> <span class='ocrx_word' id='word_1_492' title='bbox 2969 2129 3052 2190; x_wconf 88' lang='lat' dir='ltr'><strong>ad</strong></span> <span class='ocrx_word' id='word_1_493' title='bbox 3083 2133 3353 2188; x_wconf 87' lang='lat' dir='ltr'><strong>mortem</strong></span> <span class='ocrx_word' id='word_1_494' title='bbox 3383 2130 3533 2186; x_wconf 89' lang='lat' dir='ltr'><strong>ante</strong></span> <span class='ocrx_word' id='word_1_495' title='bbox 3573 2143 3706 2202; x_wconf 79' lang='lat' dir='ltr'><strong>prae-</strong></span> 
     </span>
     <span class='ocr_line' id='line_1_77' title="bbox 2162 2218 3709 2304; baseline -0.007 -18"><span class='ocrx_word' id='word_1_496' title='bbox 2162 2225 2368 2287; x_wconf 84' lang='lat' dir='ltr'><strong>visum</strong></span> <span class='ocrx_word' id='word_1_497' title='bbox 2395 2228 2745 2304; x_wconf 88' lang='lat' dir='ltr'><strong>peccatum.</strong></span> <span class='ocrx_word' id='word_1_498' title='bbox 2787 2223 2850 2286; x_wconf 91' lang='lat' dir='ltr'><strong>Si</strong></span> <span class='ocrx_word' id='word_1_499' title='bbox 2880 2229 3092 2284; x_wconf 90' lang='lat' dir='ltr'><strong>autem</strong></span> <span class='ocrx_word' id='word_1_500' title='bbox 3121 2239 3252 2282; x_wconf 91' lang='lat' dir='ltr'><strong>non</strong></span> <span class='ocrx_word' id='word_1_501' title='bbox 3286 2219 3354 2280; x_wconf 91' lang='lat' dir='ltr'><strong>id</strong></span> <span class='ocrx_word' id='word_1_502' title='bbox 3379 2218 3709 2296; x_wconf 82' lang='lat' dir='ltr'><strong>intelligant</strong></span> 
     </span>
     <span class='ocr_line' id='line_1_78' title="bbox 2164 2309 3707 2397; baseline -0.008 -16"><span class='ocrx_word' id='word_1_503' title='bbox 2164 2319 2244 2381; x_wconf 88' lang='lat' dir='ltr'><strong>de</strong></span> <span class='ocrx_word' id='word_1_504' title='bbox 2268 2317 2588 2380; x_wconf 83' lang='lat' dir='ltr'><strong>voluntate</strong></span> <span class='ocrx_word' id='word_1_505' title='bbox 2616 2317 3032 2397; x_wconf 79' lang='lat' dir='ltr'><strong>proeflniente,</strong></span> <span class='ocrx_word' id='word_1_506' title='bbox 3077 2314 3193 2376; x_wconf 90' lang='lat' dir='ltr'><strong>sed</strong></span> <span class='ocrx_word' id='word_1_507' title='bbox 3219 2313 3400 2393; x_wconf 89' lang='lat' dir='ltr'><strong>quasi</strong></span> <span class='ocrx_word' id='word_1_508' title='bbox 3431 2309 3707 2372; x_wconf 80' lang='lat' dir='ltr'><strong>conditio-</strong></span> 
     </span>
     <span class='ocr_line' id='line_1_79' title="bbox 2165 2404 3706 2491; baseline -0.007 -19"><span class='ocrx_word' id='word_1_509' title='bbox 2165 2417 2336 2488; x_wconf 85' lang='lat' dir='ltr'><strong>nata,</strong></span> <span class='ocrx_word' id='word_1_510' title='bbox 2392 2411 2682 2474; x_wconf 89' lang='lat' dir='ltr'><strong>sustineri</strong></span> <span class='ocrx_word' id='word_1_511' title='bbox 2721 2415 2946 2491; x_wconf 87' lang='lat' dir='ltr'><strong>potest.</strong></span> <span class='ocrx_word' id='word_1_512' title='bbox 2981 2411 3150 2469; x_wconf 88' lang='lat' dir='ltr'><strong>Deus</strong></span> <span class='ocrx_word' id='word_1_513' title='bbox 3179 2407 3382 2478; x_wconf 89' lang='lat' dir='ltr'><strong>enim,</strong></span> <span class='ocrx_word' id='word_1_514' title='bbox 3429 2404 3576 2464; x_wconf 89' lang='lat' dir='ltr'><strong>licet</strong></span> <span class='ocrx_word' id='word_1_515' title='bbox 3601 2421 3706 2462; x_wconf 91' lang='lat' dir='ltr'><strong>non</strong></span> 
     </span>
     <span class='ocr_line' id='line_1_80' title="bbox 2163 2500 3811 2588; baseline -0.008 -22"><span class='ocrx_word' id='word_1_516' title='bbox 2163 2503 2528 2585; x_wconf 64' lang='lat' dir='ltr'><strong>praefinierit</strong></span> <span class='ocrx_word' id='word_1_517' title='bbox 2553 2523 2666 2566; x_wconf 88' lang='lat' dir='ltr'><strong>seu</strong></span> <span class='ocrx_word' id='word_1_518' title='bbox 2698 2503 2982 2564; x_wconf 89' lang='lat' dir='ltr'><strong>absolute</strong></span> <span class='ocrx_word' id='word_1_519' title='bbox 3031 2500 3380 2562; x_wconf 86' lang='lat' dir='ltr'><strong>decreverit</strong></span> <span class='ocrx_word' id='word_1_520' title='bbox 3431 2513 3708 2558; x_wconf 81' lang='lat' dir='ltr'><strong>exercere</strong></span> <span class='ocrx_word' id='word_1_521' title='bbox 3809 2509 3811 2588; x_wconf 22' lang='grc' dir='ltr'>ζ</span> 
     </span>
     <span class='ocr_line' id='line_1_81' title="bbox 2158 2589 3811 2676; baseline -0.007 -17"><span class='ocrx_word' id='word_1_522' title='bbox 2158 2598 2463 2676; x_wconf 88' lang='lat' dir='ltr'><strong>justitiam</strong></span> <span class='ocrx_word' id='word_1_523' title='bbox 2493 2615 2671 2668; x_wconf 85' lang='lat' dir='ltr'><strong>suam</strong></span> <span class='ocrx_word' id='word_1_524' title='bbox 2707 2595 3170 2668; x_wconf 88' lang='lat' dir='ltr'><strong>vindicativam,</strong></span> <span class='ocrx_word' id='word_1_525' title='bbox 3215 2597 3562 2671; x_wconf 87' lang='lat' dir='ltr'><strong>antequam</strong></span> <span class='ocrx_word' id='word_1_526' title='bbox 3587 2608 3710 2667; x_wconf 87' lang='lat' dir='ltr'><strong>per·</strong></span> <span class='ocrx_word' id='word_1_527' title='bbox 3809 2589 3811 2672; x_wconf 67' lang='lat' dir='ltr'><strong>f</strong></span> 
     </span>
     <span class='ocr_line' id='line_1_82' title="bbox 2166 2685 3811 2770; baseline -0.007 -19"><span class='ocrx_word' id='word_1_528' title='bbox 2166 2691 2404 2752; x_wconf 88' lang='lat' dir='ltr'><strong>miserit</strong></span> <span class='ocrx_word' id='word_1_529' title='bbox 2425 2695 2489 2752; x_wconf 90' lang='lat' dir='ltr'><strong>et</strong></span> <span class='ocrx_word' id='word_1_530' title='bbox 2527 2689 2880 2770; x_wconf 79' lang='lat' dir='ltr'><strong>praeviderit</strong></span> <span class='ocrx_word' id='word_1_531' title='bbox 2907 2692 3260 2768; x_wconf 89' lang='lat' dir='ltr'><strong>peccatum,</strong></span> <span class='ocrx_word' id='word_1_532' title='bbox 3290 2685 3492 2747; x_wconf 81' lang='lat' dir='ltr'><strong>voluit</strong></span> <span class='ocrx_word' id='word_1_533' title='bbox 3517 2689 3710 2744; x_wconf 87' lang='lat' dir='ltr'><strong>tamen</strong></span> <span class='ocrx_word' id='word_1_534' title='bbox 3809 2751 3811 2770; x_wconf 25' lang='grc' dir='ltr'>Ε</span> 
     </span>
     <span class='ocr_line' id='line_1_83' title="bbox 2164 2775 3811 2864; baseline -0.007 -20"><span class='ocrx_word' id='word_1_535' title='bbox 2164 2784 2386 2864; x_wconf 90' lang='lat' dir='ltr'><strong>punire</strong></span> <span class='ocrx_word' id='word_1_536' title='bbox 2449 2789 2708 2863; x_wconf 89' lang='lat' dir='ltr'><strong>peccata</strong></span> <span class='ocrx_word' id='word_1_537' title='bbox 2735 2827 2751 2858; x_wconf 91' lang='lat'><strong>,</strong></span> <span class='ocrx_word' id='word_1_538' title='bbox 2809 2783 2862 2843; x_wconf 91' lang='lat' dir='ltr'><strong>si</strong></span> <span class='ocrx_word' id='word_1_539' title='bbox 2914 2782 3142 2844; x_wconf 89' lang='lat' dir='ltr'><strong>fierent</strong></span> <span class='ocrx_word' id='word_1_540' title='bbox 3170 2800 3187 2855; x_wconf 89' lang='lat'>;</span> <span class='ocrx_word' id='word_1_541' title='bbox 3249 2785 3312 2840; x_wconf 91' lang='lat' dir='ltr'><strong>et</strong></span> <span class='ocrx_word' id='word_1_542' title='bbox 3373 2775 3711 2858; x_wconf 73' lang='lat' dir='ltr'><strong>praevidens</strong></span> <span class='ocrx_word' id='word_1_543' title='bbox 3809 2779 3811 2786; x_wconf 87' lang='lat'>&#39;</span> 
     </span>
     <span class='ocr_line' id='line_1_84' title="bbox 2165 2872 3710 2957; baseline -0.008 -17"><span class='ocrx_word' id='word_1_544' title='bbox 2165 2878 2356 2940; x_wconf 90' lang='lat' dir='ltr'><strong>etiam</strong></span> <span class='ocrx_word' id='word_1_545' title='bbox 2381 2877 2446 2938; x_wconf 88' lang='lat' dir='ltr'><strong>in</strong></span> <span class='ocrx_word' id='word_1_546' title='bbox 2473 2879 2592 2938; x_wconf 88' lang='lat' dir='ltr'><strong>hoc</strong></span> <span class='ocrx_word' id='word_1_547' title='bbox 2619 2893 2806 2957; x_wconf 88' lang='lat' dir='ltr'><strong>posse</strong></span> <span class='ocrx_word' id='word_1_548' title='bbox 2835 2873 3221 2936; x_wconf 83' lang='lat' dir='ltr'><strong>manifestari</strong></span> <span class='ocrx_word' id='word_1_549' title='bbox 3249 2872 3522 2952; x_wconf 79' lang='lat' dir='ltr'><strong>gloriam</strong></span> <span class='ocrx_word' id='word_1_550' title='bbox 3553 2887 3710 2929; x_wconf 89' lang='lat' dir='ltr'><strong>suam</strong></span> 
     </span>
     <span class='ocr_line' id='line_1_85' title="bbox 2163 2962 3811 3050; baseline -0.008 -19"><span class='ocrx_word' id='word_1_551' title='bbox 2163 2989 2240 3031; x_wconf 86' lang='lat' dir='ltr'><strong>ex</strong></span> <span class='ocrx_word' id='word_1_552' title='bbox 2264 2970 2676 3050; x_wconf 87' lang='lat' dir='ltr'><strong>permissione</strong></span> <span class='ocrx_word' id='word_1_553' title='bbox 2707 2969 2979 3049; x_wconf 87' lang='lat' dir='ltr'><strong>peccati,</strong></span> <span class='ocrx_word' id='word_1_554' title='bbox 3019 2967 3216 3028; x_wconf 79' lang='lat' dir='ltr'><strong>voluit</strong></span> <span class='ocrx_word' id='word_1_555' title='bbox 3253 2965 3453 3040; x_wconf 87' lang='lat' dir='ltr'><strong>illam,</strong></span> <span class='ocrx_word' id='word_1_556' title='bbox 3490 2962 3714 3023; x_wconf 86' lang='lat' dir='ltr'><strong>babens</strong></span> <span class='ocrx_word' id='word_1_557' title='bbox 3810 3015 3811 3018; x_wconf 74' lang='grc'>,</span> 
     </span>
     <span class='ocr_line' id='line_1_86' title="bbox 2160 3059 3713 3145; baseline -0.007 -20"><span class='ocrx_word' id='word_1_558' title='bbox 2160 3064 2278 3125; x_wconf 88' lang='lat' dir='ltr'><strong>hoc</strong></span> <span class='ocrx_word' id='word_1_559' title='bbox 2311 3063 2722 3145; x_wconf 89' lang='lat' dir='ltr'><strong>propositum,</strong></span> <span class='ocrx_word' id='word_1_560' title='bbox 2771 3061 2949 3143; x_wconf 84' lang='lat' dir='ltr'><strong>quasi</strong></span> <span class='ocrx_word' id='word_1_561' title='bbox 3005 3059 3502 3123; x_wconf 85' lang='lat' dir='ltr'><strong>conditionatum</strong></span> <span class='ocrx_word' id='word_1_562' title='bbox 3521 3102 3538 3130; x_wconf 95' lang='lat'><strong>,</strong></span> <span class='ocrx_word' id='word_1_563' title='bbox 3587 3073 3713 3134; x_wconf 85' lang='lat' dir='ltr'><strong>ope-</strong></span> 
     </span>
     <span class='ocr_line' id='line_1_87' title="bbox 2159 3149 3714 3227; baseline -0.008 -8"><span class='ocrx_word' id='word_1_564' title='bbox 2159 3158 2338 3219; x_wconf 91' lang='lat' dir='ltr'><strong>randi</strong></span> <span class='ocrx_word' id='word_1_565' title='bbox 2370 3159 2490 3219; x_wconf 88' lang='lat' dir='ltr'><strong>boc</strong></span> <span class='ocrx_word' id='word_1_566' title='bbox 2529 3157 2768 3218; x_wconf 89' lang='lat' dir='ltr'><strong>bonum</strong></span> <span class='ocrx_word' id='word_1_567' title='bbox 2817 3174 2896 3217; x_wconf 84' lang='lat' dir='ltr'><strong>ex</strong></span> <span class='ocrx_word' id='word_1_568' title='bbox 2937 3154 3043 3217; x_wconf 92' lang='lat' dir='ltr'><strong>illo</strong></span> <span class='ocrx_word' id='word_1_569' title='bbox 3085 3154 3276 3227; x_wconf 85' lang='lat' dir='ltr'><strong>malo,</strong></span> <span class='ocrx_word' id='word_1_570' title='bbox 3315 3153 3369 3213; x_wconf 91' lang='lat' dir='ltr'><strong>si</strong></span> <span class='ocrx_word' id='word_1_571' title='bbox 3411 3150 3614 3213; x_wconf 86' lang='lat' dir='ltr'><strong>fieret.</strong></span> <span class='ocrx_word' id='word_1_572' title='bbox 3651 3149 3714 3208; x_wconf 85' lang='lat' dir='ltr'><strong>Et</strong></span> 
     </span>
     <span class='ocr_line' id='line_1_88' title="bbox 2160 3246 3714 3327; baseline -0.007 -15"><span class='ocrx_word' id='word_1_573' title='bbox 2160 3252 2294 3315; x_wconf 85' lang='lat' dir='ltr'><strong>haee</strong></span> <span class='ocrx_word' id='word_1_574' title='bbox 2323 3252 2446 3313; x_wconf 90' lang='lat' dir='ltr'><strong>sint</strong></span> <span class='ocrx_word' id='word_1_575' title='bbox 2473 3249 2622 3311; x_wconf 88' lang='lat' dir='ltr'><strong>satis</strong></span> <span class='ocrx_word' id='word_1_576' title='bbox 2652 3249 2731 3311; x_wconf 91' lang='lat' dir='ltr'><strong>de</strong></span> <span class='ocrx_word' id='word_1_577' title='bbox 2771 3249 2877 3311; x_wconf 91' lang='lat' dir='ltr'><strong>illa</strong></span> <span class='ocrx_word' id='word_1_578' title='bbox 2903 3248 3087 3311; x_wconf 89' lang='lat' dir='ltr'><strong>tertia</strong></span> <span class='ocrx_word' id='word_1_579' title='bbox 3115 3246 3472 3327; x_wconf 84' lang='lat' dir='ltr'><strong>objectione</strong></span> <span class='ocrx_word' id='word_1_580' title='bbox 3489 3290 3506 3317; x_wconf 94' lang='lat'><strong>,</strong></span> <span class='ocrx_word' id='word_1_581' title='bbox 3533 3260 3714 3323; x_wconf 87' lang='lat' dir='ltr'><strong>quan-</strong></span> 
     </span>
     <span class='ocr_line' id='line_1_89' title="bbox 2159 3338 3538 3423; baseline -0.007 -17"><span class='ocrx_word' id='word_1_582' title='bbox 2159 3347 2296 3405; x_wconf 92' lang='lat' dir='ltr'><strong>tum</strong></span> <span class='ocrx_word' id='word_1_583' title='bbox 2321 3344 2594 3406; x_wconf 85' lang='lat' dir='ltr'><strong>brevitas</strong></span> <span class='ocrx_word' id='word_1_584' title='bbox 2617 3342 2945 3423; x_wconf 79' lang='lat' dir='ltr'><strong>praesentis</strong></span> <span class='ocrx_word' id='word_1_585' title='bbox 2982 3340 3190 3421; x_wconf 88' lang='lat' dir='ltr'><strong>operis</strong></span> <span class='ocrx_word' id='word_1_586' title='bbox 3212 3338 3538 3419; x_wconf 89' lang='lat' dir='ltr'><strong>permittit.</strong></span> 
     </span>
    </p>
   </div>
   <div class='ocr_carea' id='block_1_5' title="bbox 2516 3547 3357 3632">
    <p class='ocr_par' dir='ltr' id='par_1_5' title="bbox 2516 3547 3357 3632">
     <span class='ocr_line' id='line_1_90' title="bbox 2516 3547 3357 3632; baseline -0.007 -19"><span class='ocrx_word' id='word_1_587' title='bbox 2516 3547 2620 3613; x_wconf 73' lang='lat' dir='ltr'><strong>Aa</strong></span> <span class='ocrx_word' id='word_1_588' title='bbox 2641 3554 2926 3632; x_wconf 71' lang='lat' dir='ltr'><strong>quartam</strong></span> <span class='ocrx_word' id='word_1_589' title='bbox 2951 3548 3357 3629; x_wconf 70' lang='lat' dir='ltr'><strong>objectionem.</strong></span> 
     </span>
    </p>
   </div>
   <div class='ocr_carea' id='block_1_6' title="bbox 2151 3718 3811 5383">
    <p class='ocr_par' dir='ltr' id='par_1_6' title="bbox 2151 3718 3811 5289">
     <span class='ocr_line' id='line_1_91' title="bbox 2243 3718 3717 3799; baseline -0.003 -18"><span class='ocrx_word' id='word_1_590' title='bbox 2243 3723 2342 3781; x_wconf 69' lang='lat'><strong>14.</strong></span> <span class='ocrx_word' id='word_1_591' title='bbox 2386 3720 2464 3785; x_wconf 91' lang='lat' dir='ltr'><strong>Ut</strong></span> <span class='ocrx_word' id='word_1_592' title='bbox 2515 3720 2598 3782; x_wconf 87' lang='lat' dir='ltr'><strong>ad</strong></span> <span class='ocrx_word' id='word_1_593' title='bbox 2651 3726 2942 3799; x_wconf 79' lang='lat' dir='ltr'><strong>quartam</strong></span> <span class='ocrx_word' id='word_1_594' title='bbox 2997 3718 3416 3799; x_wconf 87' lang='lat' dir='ltr'><strong>objectionem</strong></span> <span class='ocrx_word' id='word_1_595' title='bbox 3467 3734 3717 3796; x_wconf 87' lang='lat' dir='ltr'><strong>respon-</strong></span> 
     </span>
     <span class='ocr_line' id='line_1_92' title="bbox 2160 3810 3719 3894; baseline -0.005 -18"><span class='ocrx_word' id='word_1_596' title='bbox 2160 3813 2368 3889; x_wconf 89' lang='lat' dir='ltr'><strong>deam,</strong></span> <span class='ocrx_word' id='word_1_597' title='bbox 2402 3832 2687 3894; x_wconf 90' lang='lat' dir='ltr'><strong>suppono</strong></span> <span class='ocrx_word' id='word_1_598' title='bbox 2716 3814 3045 3894; x_wconf 87' lang='lat' dir='ltr'><strong>dupliciter</strong></span> <span class='ocrx_word' id='word_1_599' title='bbox 3081 3830 3268 3892; x_wconf 90' lang='lat' dir='ltr'><strong>posse</strong></span> <span class='ocrx_word' id='word_1_600' title='bbox 3299 3811 3595 3873; x_wconf 85' lang='lat' dir='ltr'><strong>effectum</strong></span> <span class='ocrx_word' id='word_1_601' title='bbox 3623 3810 3719 3869; x_wconf 90' lang='lat' dir='ltr'><strong>ali-</strong></span> 
     </span>
     <span class='ocr_line' id='line_1_93' title="bbox 2161 3904 3716 3988; baseline -0.005 -18"><span class='ocrx_word' id='word_1_602' title='bbox 2161 3927 2350 3988; x_wconf 88' lang='lat' dir='ltr'><strong>quem</strong></span> <span class='ocrx_word' id='word_1_603' title='bbox 2401 3907 2856 3988; x_wconf 77' lang='lat' dir='ltr'><strong>praedefinitum</strong></span> <span class='ocrx_word' id='word_1_604' title='bbox 2892 3926 2930 3967; x_wconf 85' lang='lat' dir='ltr'><strong>a</strong></span> <span class='ocrx_word' id='word_1_605' title='bbox 2957 3908 3088 3967; x_wconf 91' lang='lat' dir='ltr'><strong>Deo</strong></span> <span class='ocrx_word' id='word_1_606' title='bbox 3109 3904 3423 3985; x_wconf 86' lang='lat' dir='ltr'><strong>respicere</strong></span> <span class='ocrx_word' id='word_1_607' title='bbox 3449 3904 3716 3981; x_wconf 87' lang='lat' dir='ltr'><strong>culpam.</strong></span> 
     </span>
     <span class='ocr_line' id='line_1_94' title="bbox 2159 3998 3719 4075; baseline -0.005 -11"><span class='ocrx_word' id='word_1_608' title='bbox 2159 4002 2297 4065; x_wconf 89' lang='lat' dir='ltr'><strong>Uno</strong></span> <span class='ocrx_word' id='word_1_609' title='bbox 2315 4001 2528 4073; x_wconf 90' lang='lat' dir='ltr'><strong>modo,</strong></span> <span class='ocrx_word' id='word_1_610' title='bbox 2553 4001 2809 4061; x_wconf 88' lang='lat' dir='ltr'><strong>omnino</strong></span> <span class='ocrx_word' id='word_1_611' title='bbox 2835 3998 3268 4073; x_wconf 86' lang='lat' dir='ltr'><strong>essentialiter,</strong></span> <span class='ocrx_word' id='word_1_612' title='bbox 3297 4001 3369 4059; x_wconf 87' lang='lat' dir='ltr'><strong>ut</strong></span> <span class='ocrx_word' id='word_1_613' title='bbox 3390 4002 3570 4059; x_wconf 88' lang='lat' dir='ltr'><strong>actus</strong></span> <span class='ocrx_word' id='word_1_614' title='bbox 3587 4013 3719 4075; x_wconf 87' lang='lat' dir='ltr'><strong>pro-</strong></span> 
     </span>
     <span class='ocr_line' id='line_1_95' title="bbox 2159 4092 3718 4175; baseline -0.004 -20"><span class='ocrx_word' id='word_1_615' title='bbox 2159 4096 2332 4175; x_wconf 89' lang='lat' dir='ltr'><strong>prius</strong></span> <span class='ocrx_word' id='word_1_616' title='bbox 2369 4094 2752 4174; x_wconf 80' lang='lat' dir='ltr'><strong>poenitentiae</strong></span> <span class='ocrx_word' id='word_1_617' title='bbox 2789 4094 3042 4173; x_wconf 87' lang='lat' dir='ltr'><strong>culpam</strong></span> <span class='ocrx_word' id='word_1_618' title='bbox 3075 4092 3395 4172; x_wconf 89' lang='lat' dir='ltr'><strong>supponit,</strong></span> <span class='ocrx_word' id='word_1_619' title='bbox 3421 4096 3614 4169; x_wconf 89' lang='lat' dir='ltr'><strong>prout</strong></span> <span class='ocrx_word' id='word_1_620' title='bbox 3639 4096 3718 4149; x_wconf 82' lang='lat' dir='ltr'><strong>ta-</strong></span> 
     </span>
     <span class='ocr_line' id='line_1_96' title="bbox 2159 4182 3718 4274; baseline -0.004 -27"><span class='ocrx_word' id='word_1_621' title='bbox 2159 4186 2236 4249; x_wconf 89' lang='lat' dir='ltr'><strong>lis</strong></span> <span class='ocrx_word' id='word_1_622' title='bbox 2255 4194 2430 4274; x_wconf 78' lang='lat' dir='ltr'><strong>actus</strong></span> <span class='ocrx_word' id='word_1_623' title='bbox 2448 4185 2598 4246; x_wconf 89' lang='lat' dir='ltr'><strong>dicit</strong></span> <span class='ocrx_word' id='word_1_624' title='bbox 2613 4186 3120 4247; x_wconf 89' lang='lat' dir='ltr'><strong>retractationem</strong></span> <span class='ocrx_word' id='word_1_625' title='bbox 3148 4189 3210 4245; x_wconf 90' lang='lat' dir='ltr'><strong>et</strong></span> <span class='ocrx_word' id='word_1_626' title='bbox 3234 4182 3718 4245; x_wconf 85' lang='lat' dir='ltr'><strong>satisfactionem</strong></span> 
     </span>
     <span class='ocr_line' id='line_1_97' title="bbox 2158 4276 3712 4361; baseline -0.005 -19"><span class='ocrx_word' id='word_1_627' title='bbox 2158 4282 2436 4361; x_wconf 85' lang='lat' dir='ltr'><strong>aliqua-m</strong></span> <span class='ocrx_word' id='word_1_628' title='bbox 2467 4279 2726 4341; x_wconf 81' lang='lat' dir='ltr'><strong>offensoe</strong></span> <span class='ocrx_word' id='word_1_629' title='bbox 2753 4278 3136 4351; x_wconf 84' lang='lat' dir='ltr'><strong>eommissae;</strong></span> <span class='ocrx_word' id='word_1_630' title='bbox 3171 4277 3321 4339; x_wconf 90' lang='lat' dir='ltr'><strong>item</strong></span> <span class='ocrx_word' id='word_1_631' title='bbox 3346 4276 3712 4355; x_wconf 89' lang='lat' dir='ltr'><strong>redemptio,</strong></span> 
     </span>
     <span class='ocr_line' id='line_1_98' title="bbox 2157 4368 3720 4455; baseline -0.006 -19"><span class='ocrx_word' id='word_1_632' title='bbox 2157 4392 2344 4455; x_wconf 85' lang='lat' dir='ltr'><strong>poena</strong></span> <span class='ocrx_word' id='word_1_633' title='bbox 2399 4380 2470 4435; x_wconf 91' lang='lat' dir='ltr'><strong>ut</strong></span> <span class='ocrx_word' id='word_1_634' title='bbox 2519 4390 2732 4451; x_wconf 87' lang='lat' dir='ltr'><strong>poena,</strong></span> <span class='ocrx_word' id='word_1_635' title='bbox 2777 4376 2842 4433; x_wconf 85' lang='lat' dir='ltr'><strong>et</strong></span> <span class='ocrx_word' id='word_1_636' title='bbox 2893 4370 3140 4445; x_wconf 89' lang='lat' dir='ltr'><strong>similia,</strong></span> <span class='ocrx_word' id='word_1_637' title='bbox 3195 4387 3336 4449; x_wconf 84' lang='lat' dir='ltr'><strong>quae</strong></span> <span class='ocrx_word' id='word_1_638' title='bbox 3377 4368 3720 4431; x_wconf 88' lang='lat' dir='ltr'><strong>formaliter</strong></span> 
     </span>
     <span class='ocr_line' id='line_1_99' title="bbox 2155 4462 3718 4547; baseline -0.003 -20"><span class='ocrx_word' id='word_1_639' title='bbox 2155 4466 2498 4547; x_wconf 87' lang='lat' dir='ltr'><strong>respiciunt</strong></span> <span class='ocrx_word' id='word_1_640' title='bbox 2537 4465 2788 4543; x_wconf 86' lang='lat' dir='ltr'><strong>culpam</strong></span> <span class='ocrx_word' id='word_1_641' title='bbox 2813 4470 2886 4526; x_wconf 92' lang='lat' dir='ltr'><strong>ut</strong></span> <span class='ocrx_word' id='word_1_642' title='bbox 2912 4464 3098 4545; x_wconf 90' lang='lat' dir='ltr'><strong>culpa</strong></span> <span class='ocrx_word' id='word_1_643' title='bbox 3127 4470 3242 4537; x_wconf 91' lang='lat' dir='ltr'><strong>est,</strong></span> <span class='ocrx_word' id='word_1_644' title='bbox 3286 4469 3590 4543; x_wconf 87' lang='lat' dir='ltr'><strong>tanquam</strong></span> <span class='ocrx_word' id='word_1_645' title='bbox 3619 4462 3718 4523; x_wconf 91' lang='lat' dir='ltr'><strong>ob-</strong></span> 
     </span>
     <span class='ocr_line' id='line_1_100' title="bbox 2151 4558 3714 4639; baseline -0.004 -18"><span class='ocrx_word' id='word_1_646' title='bbox 2151 4560 2388 4639; x_wconf 89' lang='lat' dir='ltr'><strong>jectum</strong></span> <span class='ocrx_word' id='word_1_647' title='bbox 2430 4559 2528 4620; x_wconf 85' lang='lat' dir='ltr'><strong>vel</strong></span> <span class='ocrx_word' id='word_1_648' title='bbox 2566 4558 2896 4619; x_wconf 88' lang='lat' dir='ltr'><strong>materiam</strong></span> <span class='ocrx_word' id='word_1_649' title='bbox 2933 4558 3098 4619; x_wconf 88' lang='lat' dir='ltr'><strong>circa</strong></span> <span class='ocrx_word' id='word_1_650' title='bbox 3135 4576 3326 4637; x_wconf 90' lang='lat' dir='ltr'><strong>quam</strong></span> <span class='ocrx_word' id='word_1_651' title='bbox 3363 4562 3714 4617; x_wconf 79' lang='lat' dir='ltr'><strong>versantur.</strong></span> 
     </span>
     <span class='ocr_line' id='line_1_101' title="bbox 2159 4650 3720 4729; baseline -0.003 -16"><span class='ocrx_word' id='word_1_652' title='bbox 2159 4652 2296 4713; x_wconf 87' lang='lat' dir='ltr'><strong>Alio</strong></span> <span class='ocrx_word' id='word_1_653' title='bbox 2341 4650 2554 4723; x_wconf 85' lang='lat' dir='ltr'><strong>mode,</strong></span> <span class='ocrx_word' id='word_1_654' title='bbox 2585 4651 2791 4713; x_wconf 88' lang='lat' dir='ltr'><strong>bonus</strong></span> <span class='ocrx_word' id='word_1_655' title='bbox 2831 4650 3088 4712; x_wconf 83' lang='lat' dir='ltr'><strong>effectus</strong></span> <span class='ocrx_word' id='word_1_656' title='bbox 3115 4654 3321 4729; x_wconf 89' lang='lat' dir='ltr'><strong>potest</strong></span> <span class='ocrx_word' id='word_1_657' title='bbox 3363 4666 3720 4729; x_wconf 89' lang='lat' dir='ltr'><strong>supponere</strong></span> 
     </span>
     <span class='ocr_line' id='line_1_102' title="bbox 2157 4744 3721 4824; baseline -0.003 -19"><span class='ocrx_word' id='word_1_658' title='bbox 2157 4744 2428 4824; x_wconf 90' lang='lat' dir='ltr'><strong>culpam,</strong></span> <span class='ocrx_word' id='word_1_659' title='bbox 2447 4748 2518 4805; x_wconf 90' lang='lat' dir='ltr'><strong>ut</strong></span> <span class='ocrx_word' id='word_1_660' title='bbox 2545 4744 2940 4805; x_wconf 88' lang='lat' dir='ltr'><strong>occasionem</strong></span> <span class='ocrx_word' id='word_1_661' title='bbox 2963 4750 3230 4817; x_wconf 87' lang='lat' dir='ltr'><strong>tantum,</strong></span> <span class='ocrx_word' id='word_1_662' title='bbox 3249 4745 3446 4805; x_wconf 78' lang='lat' dir='ltr'><strong>velut</strong></span> <span class='ocrx_word' id='word_1_663' title='bbox 3465 4760 3721 4803; x_wconf 86' lang='lat' dir='ltr'><strong>causam</strong></span> 
     </span>
     <span class='ocr_line' id='line_1_103' title="bbox 2155 4836 3722 4916; baseline -0.004 -17"><span class='ocrx_word' id='word_1_664' title='bbox 2155 4838 2570 4899; x_wconf 82' lang='lat' dir='ltr'><strong>extrinsecam</strong></span> <span class='ocrx_word' id='word_1_665' title='bbox 2591 4856 2720 4898; x_wconf 92' lang='lat' dir='ltr'><strong>non</strong></span> <span class='ocrx_word' id='word_1_666' title='bbox 2770 4836 3132 4916; x_wconf 89' lang='lat' dir='ltr'><strong>simpliciter</strong></span> <span class='ocrx_word' id='word_1_667' title='bbox 3157 4837 3607 4908; x_wconf 81' lang='lat' dir='ltr'><strong>necessariam,</strong></span> <span class='ocrx_word' id='word_1_668' title='bbox 3645 4836 3722 4894; x_wconf 86' lang='lat' dir='ltr'><strong>si-</strong></span> 
     </span>
     <span class='ocr_line' id='line_1_104' title="bbox 2162 4930 3720 5011; baseline -0.004 -18"><span class='ocrx_word' id='word_1_669' title='bbox 2162 4938 2268 4993; x_wconf 90' lang='lat' dir='ltr'><strong>cut</strong></span> <span class='ocrx_word' id='word_1_670' title='bbox 2285 4937 2461 4993; x_wconf 89' lang='lat' dir='ltr'><strong>aetus</strong></span> <span class='ocrx_word' id='word_1_671' title='bbox 2487 4930 2850 4991; x_wconf 86' lang='lat' dir='ltr'><strong>humilitatis</strong></span> <span class='ocrx_word' id='word_1_672' title='bbox 2867 4936 3072 5011; x_wconf 89' lang='lat' dir='ltr'><strong>potest</strong></span> <span class='ocrx_word' id='word_1_673' title='bbox 3083 4930 3520 4991; x_wconf 78' lang='lat' dir='ltr'><strong>vehementius</strong></span> <span class='ocrx_word' id='word_1_674' title='bbox 3545 4948 3720 4990; x_wconf 82' lang='lat' dir='ltr'><strong>exer-</strong></span> 
     </span>
     <span class='ocr_line' id='line_1_105' title="bbox 2161 5022 3722 5102; baseline -0.002 -17"><span class='ocrx_word' id='word_1_675' title='bbox 2161 5024 2286 5085; x_wconf 89' lang='lat' dir='ltr'><strong>ceri</strong></span> <span class='ocrx_word' id='word_1_676' title='bbox 2317 5024 2648 5085; x_wconf 86' lang='lat' dir='ltr'><strong>occasione</strong></span> <span class='ocrx_word' id='word_1_677' title='bbox 2675 5022 2895 5102; x_wconf 82' lang='lat' dir='ltr'><strong>culpae,</strong></span> <span class='ocrx_word' id='word_1_678' title='bbox 2920 5030 2982 5084; x_wconf 90' lang='lat' dir='ltr'><strong>et</strong></span> <span class='ocrx_word' id='word_1_679' title='bbox 3013 5024 3202 5084; x_wconf 89' lang='lat' dir='ltr'><strong>homo</strong></span> <span class='ocrx_word' id='word_1_680' title='bbox 3225 5028 3433 5102; x_wconf 90' lang='lat' dir='ltr'><strong>potest</strong></span> <span class='ocrx_word' id='word_1_681' title='bbox 3457 5040 3722 5102; x_wconf 84' lang='lat' dir='ltr'><strong>genera-</strong></span> 
     </span>
     <span class='ocr_line' id='line_1_106' title="bbox 2159 5115 3720 5196; baseline -0.002 -20"><span class='ocrx_word' id='word_1_682' title='bbox 2159 5117 2212 5177; x_wconf 93' lang='lat' dir='ltr'><strong>ri</strong></span> <span class='ocrx_word' id='word_1_683' title='bbox 2237 5134 2350 5195; x_wconf 90' lang='lat' dir='ltr'><strong>per</strong></span> <span class='ocrx_word' id='word_1_684' title='bbox 2371 5123 2580 5177; x_wconf 89' lang='lat' dir='ltr'><strong>actum</strong></span> <span class='ocrx_word' id='word_1_685' title='bbox 2605 5117 3135 5196; x_wconf 88' lang='lat' dir='ltr'><strong>peccaminosum,</strong></span> <span class='ocrx_word' id='word_1_686' title='bbox 3163 5115 3271 5195; x_wconf 89' lang='lat' dir='ltr'><strong>qui</strong></span> <span class='ocrx_word' id='word_1_687' title='bbox 3297 5116 3490 5177; x_wconf 90' lang='lat' dir='ltr'><strong>etiam</strong></span> <span class='ocrx_word' id='word_1_688' title='bbox 3509 5120 3720 5194; x_wconf 85' lang='lat' dir='ltr'><strong>posset</strong></span> 
     </span>
     <span class='ocr_line' id='line_1_107' title="bbox 2159 5209 3811 5289; baseline -0.004 -18"><span class='ocrx_word' id='word_1_689' title='bbox 2159 5210 2294 5271; x_wconf 87' lang='lat' dir='ltr'><strong>sine</strong></span> <span class='ocrx_word' id='word_1_690' title='bbox 2321 5209 2504 5288; x_wconf 89' lang='lat' dir='ltr'><strong>culpa</strong></span> <span class='ocrx_word' id='word_1_691' title='bbox 2531 5209 2838 5289; x_wconf 84' lang='lat' dir='ltr'><strong>generari.</strong></span> <span class='ocrx_word' id='word_1_692' title='bbox 3810 5212 3811 5235; x_wconf 75' lang='lat'>³</span> 
     </span>
    </p>

    <p class='ocr_par' dir='ltr' id='par_1_7' title="bbox 2239 5300 3724 5383">
     <span class='ocr_line' id='line_1_108' title="bbox 2239 5300 3724 5383; baseline -0.002 -18"><span class='ocrx_word' id='word_1_693' title='bbox 2239 5302 2451 5367; x_wconf 71' lang='lat' dir='ltr'><strong>Bomos</strong></span> <span class='ocrx_word' id='word_1_694' title='bbox 2489 5302 2736 5382; x_wconf 73' lang='lat' dir='ltr'><strong>effectus</strong></span> <span class='ocrx_word' id='word_1_695' title='bbox 2784 5300 3190 5366; x_wconf 71' lang='lat' dir='ltr'><strong>essentialiter</strong></span> <span class='ocrx_word' id='word_1_696' title='bbox 3211 5301 3459 5383; x_wconf 72' lang='lat' dir='ltr'><strong>culpam</strong></span> <span class='ocrx_word' id='word_1_697' title='bbox 3503 5319 3724 5382; x_wconf 64' lang='lat' dir='ltr'><strong>steppo-</strong></span> 
     </span>
    </p>
   </div>
   <div class='ocr_carea' id='block_1_7' title="bbox 2157 5392 3811 5475">
    <p class='ocr_par' dir='ltr' id='par_1_8' title="bbox 2157 5392 3811 5475">
     <span class='ocr_line' id='line_1_109' title="bbox 2157 5392 3811 5475; baseline -0.006 -14"><span class='ocrx_word' id='word_1_698' title='bbox 2157 5414 2326 5471; x_wconf 65' lang='lat' dir='ltr'><strong>nem,</strong></span> <span class='ocrx_word' id='word_1_699' title='bbox 2355 5398 2466 5459; x_wconf 76' lang='lat' dir='ltr'><strong>hac</strong></span> <span class='ocrx_word' id='word_1_700' title='bbox 2489 5413 2608 5457; x_wconf 71' lang='lat' dir='ltr'><strong>non</strong></span> <span class='ocrx_word' id='word_1_701' title='bbox 2617 5395 2914 5475; x_wconf 65' lang='lat' dir='ltr'><strong>promise,</strong></span> <span class='ocrx_word' id='word_1_702' title='bbox 2933 5394 3251 5475; x_wconf 80' lang='lat' dir='ltr'><strong>proefim‘ri</strong></span> <span class='ocrx_word' id='word_1_703' title='bbox 3273 5392 3499 5475; x_wconf 73' lang='lat' dir='ltr'><strong>nequit.</strong></span> <span class='ocrx_word' id='word_1_704' title='bbox 3525 5426 3609 5439; x_wconf 91' lang='grc'>-</span> <span class='ocrx_word' id='word_1_705' title='bbox 3633 5394 3721 5453; x_wconf 88' lang='lat' dir='ltr'><strong>De</strong></span> <span class='ocrx_word' id='word_1_706' title='bbox 3810 5412 3811 5415; x_wconf 42' lang='lat'>¹</span> 
     </span>
    </p>
   </div>
   <div class='ocr_carea' id='block_1_8' title="bbox 2161 5482 3811 5567">
    <p class='ocr_par' dir='ltr' id='par_1_9' title="bbox 2161 5482 3811 5567">
     <span class='ocr_line' id='line_1_110' title="bbox 2161 5482 3811 5567; baseline 0 -18"><span class='ocrx_word' id='word_1_707' title='bbox 2161 5488 2482 5551; x_wconf 84' lang='lat' dir='ltr'><strong>effectibus</strong></span> <span class='ocrx_word' id='word_1_708' title='bbox 2528 5487 2750 5567; x_wconf 87' lang='lat' dir='ltr'><strong>prioris</strong></span> <span class='ocrx_word' id='word_1_709' title='bbox 2801 5487 3048 5567; x_wconf 89' lang='lat' dir='ltr'><strong>generis</strong></span> <span class='ocrx_word' id='word_1_710' title='bbox 3095 5504 3322 5549; x_wconf 88' lang='lat' dir='ltr'><strong>censeo</strong></span> <span class='ocrx_word' id='word_1_711' title='bbox 3355 5504 3486 5548; x_wconf 86' lang='lat' dir='ltr'><strong>non</strong></span> <span class='ocrx_word' id='word_1_712' title='bbox 3534 5503 3720 5564; x_wconf 82' lang='lat' dir='ltr'><strong>posse</strong></span> <span class='ocrx_word' id='word_1_713' title='bbox 3810 5482 3811 5549; x_wconf 79' lang='lat' dir='ltr'>j</span> 
     </span>
    </p>
   </div>
   <div class='ocr_carea' id='block_1_9' title="bbox 3802 1613 3816 2512">
    <p class='ocr_par' dir='ltr' id='par_1_10' title="bbox 3802 1613 3816 2512">
     <span class='ocr_line' id='line_1_111' title="bbox 3802 1613 3816 2512; baseline 0 0"><span class='ocrx_word' id='word_1_714' title='bbox 3802 1613 3816 2512; x_wconf 95' lang='lat' dir='ltr'><strong> </strong></span> 
     </span>
    </p>
   </div>
   <div class='ocr_carea' id='block_1_10' title="bbox 3808 2839 3814 3395">
    <p class='ocr_par' dir='ltr' id='par_1_11' title="bbox 3808 2839 3814 3395">
     <span class='ocr_line' id='line_1_112' title="bbox 3808 2839 3814 3395; baseline 0 0"><span class='ocrx_word' id='word_1_715' title='bbox 3808 2839 3814 3395; x_wconf 95' lang='lat' dir='ltr'><strong> </strong></span> 
     </span>
    </p>
   </div>
   <div class='ocr_carea' id='block_1_11' title="bbox 3807 4072 3815 5569">
    <p class='ocr_par' dir='ltr' id='par_1_12' title="bbox 3807 4072 3815 5569">
     <span class='ocr_line' id='line_1_113' title="bbox 3807 4072 3815 5569; baseline 0 0"><span class='ocrx_word' id='word_1_716' title='bbox 3807 4072 3815 5569; x_wconf 95' lang='lat' dir='ltr'><strong> </strong></span> 
     </span>
    </p>
   </div>
  </div>
 </body>
</html>
