3850 6225
651 380 787 431 CAP.
823 379 906 432 111.
946 380 1193 431 FUTURA
1226 378 1683 433 commessuri
1715 377 1838 429 NON
1876 376 2064 429 POSSE
2097 376 2159 429 m
2193 375 2470 431 PROXIMA
2502 377 2722 440 CAUSA,
2757 378 2889 429 mc.

181 478 619 559 conjecturalis.
658 512 741 525 -
782 481 862 541 D.
899 480 1180 543 Thomas.
1209 512 1289 527 --
1315 482 1543 553 Terti0,
1591 499 1734 559 sup-

178 592 335 653 pono
388 590 745 635 sermonem
806 592 945 635 esse
1002 574 1080 635 de
1129 575 1387 635 scientia
1444 580 1613 637 certa
1672 579 1735 636 et

180 664 503 737 infallibili,
544 667 623 727 ita
659 671 751 740 ut,
785 667 887 727 illa
916 668 1141 747 posita,
1183 666 1459 747 implicet
1492 674 1735 729 contra-

178 759 505 820 dictionem
546 760 607 819 in
637 778 829 821 sensu
870 760 1213 838 composito
1250 779 1377 821 non
1424 761 1509 821 ita
1552 760 1731 833 fieri;

178 870 314 913 nam
364 850 443 912 de
492 854 747 935 scientia
796 852 1201 930 conjecturali
1238 872 1457 915 omnes
1510 854 1737 917 docent

177 964 349 1025 posse
380 946 741 1024 hujusmodi
776 948 1069 1008 effectum
1098 947 1163 1007 in
1199 967 1388 1009 causa
1416 949 1731 1028 cognosci,

182 1046 239 1098 ut
266 1044 435 1117 patet
483 1058 561 1100 ex
600 1040 741 1101 divo
772 1041 1031 1112 Thema,
1082 1044 1107 1101 1
1150 1049 1349 1121 parte,
1399 1042 1727 1121 quaestion.

184 1134 269 1204 ¹4,
296 1131 470 1192 artic.
510 1135 607 1207 13,
636 1139 699 1194 et
740 1152 906 1211 saepe
936 1134 1111 1206 aliaS,
1146 1140 1209 1195 et
1238 1140 1331 1195 est
1358 1154 1473 1214 per
1502 1154 1569 1195 sc
1598 1154 1737 1195 ma-

180 1224 461 1285 nifestum
492 1227 881 1304 experientia
912 1230 973 1287 et
1009 1228 1294 1301 ratione3
1335 1228 1483 1307 quia
1513 1228 1735 1289 volun-

182 1308 285 1391 ωε,
331 1317 473 1377 licet
526 1318 603 1379 sit
649 1338 725 1379 ex
774 1338 841 1379 se
880 1320 1265 1393 indifferenS,
1316 1340 1393 1382 ex
1422 1321 1731 1400 adjunctis

181 1411 493 1471 inclinatur
540 1413 743 1490 magis
776 1412 858 1473 ad
904 1432 1095 1473 unam
1150 1420 1387 1493 partem
1432 1432 1621 1494 quam
1648 1414 1731 1475 ad

180 1504 381 1579 aliam,
434 1510 497 1565 et
550 1504 940 1583 frequentius
988 1507 1165 1586 sequi
1214 1508 1373 1567 solet
1425 1507 1520 1567 vel
1562 1507 1731 1586 quod

179 1597 382 1657 melius
420 1602 724 1676 apparet,
768 1600 869 1659 vel
915 1600 1085 1679 quod
1120 1600 1341 1661 fortius
1384 1602 1731 1680 apprehen-

179 1690 343 1761 ditur,
372 1690 471 1750 vel
501 1691 676 1769 quod
720 1699 813 1753 est
844 1700 1339 1755 consentaneum
1385 1693 1569 1754 alicui
1618 1713 1731 1753 na—

180 1783 341 1843 turali
364 1784 793 1863 propensioni.
818 1786 929 1847 Hic
959 1791 1171 1847 autem
1199 1787 1571 1866 cognitionis
1596 1806 1731 1847 mo-

178 1877 279 1935 dus
324 1876 635 1955 imprimis
678 1880 989 1958 generalis
1034 1899 1159 1940 non
1207 1886 1322 1955 est,
1370 1898 1520 1940 nam
1550 1880 1731 1941 inter-

179 1968 309 2028 dum
346 1974 555 2047 potest
586 1971 901 2048 voluntaS,
947 1973 1136 2033 etiam
1180 1972 1397 2051 positis
1438 1972 1729 2032 omnibus

176 2062 465 2139 requisitis
493 2064 582 2124 ad
612 2064 951 2144 agendum,
999 2084 1256 2127 manere
1288 2066 1370 2127 ad
1402 2072 1727 2143 utramque

179 2162 398 2237 partem
438 2156 524 2217 ita
559 2159 927 2219 indifferens
958 2166 1017 2219 et
1054 2176 1235 2239 oeque
1278 2178 1615 2239 propensa,
1662 2164 1731 2220 ut

184 2266 367 2326 neque
392 2267 505 2327 per
534 2252 965 2329 conjecturam
994 2253 1189 2330 possit
1232 2253 1295 2312 in
1332 2270 1407 2313 ea
1437 2252 1729 2332 cognosci

185 2341 315 2419 quid
340 2348 557 2403 actura
590 2345 687 2405 sit.
723 2346 940 2407 Solum
962 2364 1111 2425 ergo
1142 2346 1443 2425 contingit
1465 2346 1567 2407 hic
1596 2364 1733 2406 mo-

185 2436 285 2495 dus
333 2437 745 2515 cognitionis,
795 2440 1046 2518 quando
1103 2438 1414 2518 adjunctae
1474 2441 1735 2502 circum-

184 2530 401 2589 stantiae
442 2530 727 2592 reddunt
764 2533 1151 2593 voluntatem
1203 2532 1406 2612 magis
1465 2552 1736 2613 propen-

186 2640 303 2681 sam
330 2622 405 2682 ad
436 2642 633 2683 unam
660 2631 927 2703 partem,
958 2644 1147 2704 quam
1178 2625 1261 2686 ad
1286 2626 1472 2686 aliam
1500 2646 1513 2686 2
1538 2632 1737 2688 tanto-

186 2732 292 2792 que
319 2716 431 2775 erit
456 2717 671 2796 major
688 2718 1071 2797 conjectura,
1101 2724 1335 2797 quanto
1362 2720 1426 2780 in
1459 2720 1579 2781 hoc
1604 2720 1737 2781 fue-

186 2808 253 2868 rit
276 2810 467 2887 maj0r
499 2810 925 2888 inaequalitas·
965 2814 1049 2873 Ac
1090 2812 1315 2873 deinde
1362 2814 1549 2875 etiam
1585 2820 1735 2875 tunc

188 2900 273 2959 hic
313 2902 532 2963 modus
585 2904 956 2982 cognitionis
984 2906 1272 2985 proprius
1302 2924 1339 2966 a
1370 2908 1500 2967 Deo
1527 2926 1736 2969 remo-

188 3000 364 3068 vetur,
394 3012 597 3071 quam
624 2998 679 3057 ei
706 2998 1035 3067 tribuatur,
1078 2999 1245 3077 quia,
1276 2999 1327 3059 si
1368 2999 1577 3079 aliquo
1602 3018 1735 3060 mo-

190 3087 255 3148 do
281 3089 338 3148 in
366 3108 507 3151 eum
545 3093 869 3166 convenit,
908 3111 1033 3154 non
1066 3100 1159 3156 est
1212 3113 1288 3155 ex
1329 3100 1503 3174 parte
1544 3094 1735 3156 divini

184 3183 397 3260 judicii,
425 3185 539 3244 sed
576 3204 654 3245 cx
684 3191 861 3264 parte
890 3189 1131 3248 tantum
1171 3187 1430 3266 objecti;
1462 3207 1633 3264 nam,
1666 3193 1735 3250 ut

188 3277 347 3336 latius
368 3277 427 3336 in
454 3277 765 3356 disputat.
800 3281 897 3349 30,
944 3281 1204 3341 section.
1238 3281 1317 3341 -15
1352 3281 1735 3361 Metaphysi—

192 3389 287 3442 cae,
314 3371 455 3444 dixi,
488 3373 667 3431 Deus
711 3390 838 3432 non
874 3373 1063 3432 habet
1098 3373 1445 3452 probabilia
1473 3376 1730 3454 judicia,

194 3461 274 3522 vel
302 3464 727 3543 conjecturaS,
778 3466 891 3525 sed
936 3467 1259 3528 evidenter
1300 3466 1540 3547 judicat
1584 3468 1736 3547 quid

195 3575 371 3618 causae
416 3558 513 3617 vel
566 3559 752 3638 signa
794 3560 995 3639 magis
1042 3560 1359 3634 indicent;
1401 3567 1463 3622 et
1510 3561 1573 3622 in
1615 3561 1735 3622 hoc

194 3649 357 3710 habet
382 3669 699 3712 summam
728 3653 1197 3731 perfectionem,
1232 3655 1379 3733 quia
1414 3656 1737 3736 cognoscit

196 3741 245 3800 in
272 3762 445 3804 causa
465 3744 778 3823 quidquid
800 3746 863 3806 in
895 3747 1028 3826 ipsa
1058 3753 1173 3820 est,
1200 3753 1261 3808 et
1287 3765 1361 3808 eo
1391 3747 1577 3809 modo
1609 3766 1735 3827 quo

196 3841 289 3896 est.
312 3837 380 3896 Et
402 3838 541 3898 ideo
566 3839 741 3898 Deus
768 3857 897 3899 non
926 3841 1083 3901 sistit
1110 3841 1175 3900 in
1206 3842 1323 3900 hac
1354 3841 1731 3920 cognitione,
1768 3857 1773 3860 ·

197 3928 291 3988 sed
330 3930 577 3992 aliunde
626 3949 769 3992 eam
818 3932 1009 3994 habet
1060 3940 1299 3994 certam
1339 3938 1401 3994 et
1450 3933 1735 3994 infallibi-

195 4019 321 4094 lem,
360 4041 471 4101 per
507 4041 707 4102 quam
726 4025 1141 4106 judicet'quid
1170 4027 1449 4088 futurum
1485 4028 1582 4090 sit.
1684 4021 1689 4028 ’

195 4219 334 4285 Dm
356 4243 471 4286 non
498 4231 665 4288 certo
704 4227 1005 4308 coquoscit
1042 4227 1288 4308 effectus
1327 4229 1735 4310 continyentes

488 4320 554 4380 in
574 4319 879 4401 proximis
903 4319 1153 4382 illorum
1187 4322 1413 4384 causis.

269 4490 355 4549 10.
398 4491 503 4552 His
544 4493 763 4572 positis
791 4537 807 4565 ‚
838 4492 1174 4553 dicendum
1230 4499 1325 4554 est
1368 4511 1497 4554 non
1552 4511 1737 4572 posse

200 4580 371 4641 Deum
387 4583 621 4646 habere
654 4591 888 4646 certam
917 4591 979 4646 et
1004 4585 1391 4647 infallibilem
1416 4587 1737 4647 scientiam

202 4673 521 4737 futurorum
557 4679 1056 4758 contingentium
1086 4679 1149 4738 in
1193 4679 1491 4758 proximis
1518 4697 1737 4740 eorum

205 4769 402 4828 causis,
435 4771 611 4832 Hanc
650 4772 1119 4832 conclusionem
1148 4773 1367 4852 prob0,
1399 4777 1599 4852 primo
1630 4791 1740 4852 ge-

205 4861 377 4922 nerali
403 4865 645 4925 ratione
684 4871 851 4925 tacta
878 4885 917 4926 a
953 4867 1023 4926 D.
1056 4867 1299 4926 Thema
1330 4885 1543 4944 supra,
1591 4867 1739 4945 quia

209 4953 435 5016 effectus
470 4958 534 5017 in
564 4977 755 5018 causa
786 4959 1078 5038 cognosci
1108 4977 1235 5018 non
1264 4964 1469 5037 potest
1492 4958 1611 5018 nisi
1642 4977 1741 5020 se-

210 5050 455 5111 cundum
484 5071 623 5113 esse
653 5054 823 5132 quod
856 5054 1051 5114 habet
1078 5054 1141 5114 in
1170 5053 1311 5125 illa;
1344 5052 1455 5114 sed
1484 5054 1742 5114 effectus

212 5145 547 5223 contingens
572 5149 641 5207 in
677 5167 866 5208 causa
899 5167 1011 5208 sua
1052 5149 1358 5227 proxima,
1391 5148 1578 5208 etiam
1603 5166 1741 5227 pro-

212 5236 353 5298 xIme
390 5239 681 5319 disposita
724 5243 805 5302 ad
836 5242 1225 5321 operandum
1270 5261 1407 5302 cum
1453 5243 1743 5303 omnibus

212 5334 649 5410 praei-aquisitis,
690 5353 816 5395 non
856 5336 1046 5396 habet
1088 5353 1227 5395 esse
1257 5341 1498 5396 certum
1540 5338 1601 5395 et
1638 5335 1743 5395 de-

212 5425 607 5500 terminatum,
639 5429 749 5490 sed
777 5428 1160 5502 indideram,
1193 5429 1340 5508 quia
1369 5429 1564 5490 virtus
1600 5447 1743 5490 cau-

216 5531 286 5574 sae
336 5536 533 5598 neque
578 5538 651 5580 ex
706 5539 771 5582 se
804 5529 899 5584 est
934 5521 1015 5583 ad
1052 5522 1229 5582 illum
1276 5521 1693 5584 determinata
1720 5567 1736 5594 ,

3256 373 3374 433 :303

1814 496 2022 557 neque
2078 498 2155 539 ex
2231 480 2520 541 omnibus
2576 478 2884 559 adjunctis
2933 481 3377 559 praerequisitis

1814 572 2200 633 sufficienter
2247 573 2740 645 determinatur;
2799 590 2948 653 ergo
3002 592 3128 633 non
3176 580 3381 654 potest

1816 666 1957 726 talis
2011 667 2268 727 effectus
2317 666 2382 725 in
2433 666 2540 727 tali
2588 684 2776 727 causa
2819 684 2959 726 cum
3011 668 3380 729 certitudine

1820 760 2135 837 cognosci.
2164 760 2364 837 Major
2391 778 2536 819 eum
2561 758 3010 837 consequentia
3037 778 3151 839 per
3175 779 3241 821 se
3271 779 3384 821 no·

1818 858 1895 913 1ae
1926 853 2236 913 videntur.
2263 852 2465 913 Minor
2493 857 2739 914 constat
2785 870 2862 913 ex
2895 853 3073 913 dictis
3100 853 3168 913 in
3198 871 3384 933 supe-

1816 945 1963 1005 riori
1995 964 2210 1024 opere,
2243 951 2305 1007 et
2343 946 2404 1005 in
2443 946 2672 1025 disput.
2721 947 2796 1006 19
2817 946 3258 1025 Metaphysicae
3300 947 3382 1008 de

1816 1037 2056 1097 ratione
2106 1056 2310 1099 causae
2357 1038 2604 1111 liberae3
2643 1042 2736 1099 est
2790 1039 2958 1099 enim
3009 1038 3087 1100 de
3139 1039 3381 1101 ratione

1818 1133 1953 1209 ejus
2009 1138 2118 1205 ut,
2174 1132 2390 1211 positis
2445 1132 2738 1193 omnibus
2789 1133 3237 1212 praerequisitis
3300 1132 3382 1193 ad

1814 1224 2156 1303 agendum,
2204 1231 2456 1286 maneat
2498 1225 2704 1286 adhuc
2751 1225 3156 1297 indifferens;
3191 1244 3382 1287 causa

1814 1325 2024 1379 autem
2069 1320 2318 1397 propria
2363 1324 2424 1381 et
2473 1320 2758 1398 proxima
2785 1320 3012 1380 horum
3045 1320 3382 1381 effectuum

1812 1412 2308 1492 contingentium
2339 1419 2432 1474 est
2461 1432 2652 1474 causa
2684 1414 2901 1473 libera.

1859 1528 1864 1533 ·
1898 1508 1994 1565 11.
2044 1507 2353 1567 Praeterea
2393 1506 2747 1567 declaratur
2793 1506 2856 1566 in
2907 1508 3222 1567 communi
3261 1507 3380 1567 hoc

1810 1599 2024 1672 mode,
2063 1599 2210 1676 quia
2237 1600 2372 1659 haec
2399 1618 2590 1659 causa
2615 1606 2710 1661 est
2739 1600 3052 1670 voluntas,
3084 1606 3144 1661 et
3177 1600 3240 1661 in
3275 1601 3380 1660 illa

1814 1694 2066 1772 praecise
2099 1696 2346 1771 sumpta
2373 1698 2612 1753 certum
2635 1698 2728 1753 est
2755 1699 2817 1753 et
2839 1699 3082 1754 constat
3111 1694 3228 1753 hoc
3253 1712 3380 1753 non

1812 1804 1998 1865 posse
2027 1787 2342 1865 cognosci.
2372 1787 2561 1847 Sumo
2585 1804 2734 1863 ergo
2763 1786 2972 1847 omnia
2993 1802 3133 1863 quae
3162 1786 3382 1864 adjun-

1813 1884 2046 1957 guntur
2073 1878 2400 1951 voluntati,
2429 1884 2490 1940 et
2523 1878 2815 1939 dicuntur
2843 1880 2930 1939 ita
2961 1877 3380 1939 determinare

1811 1974 1982 2033 illam
2023 1974 2088 2032 in
2129 1976 2274 2034 actu
2313 1973 2536 2051 prime,
2569 1977 2638 2033 ut
2671 1974 2806 2051 jam
2857 1975 3028 2032 certo
3073 1973 3267 2049 possit
3317 1973 3382 2033 in

1814 2086 1888 2128 ea
1920 2066 2212 2145 cognosci
2244 2066 2524 2127 effectae.
2551 2067 2626 2125 Et
2652 2066 2969 2144 interrogo
3009 2084 3088 2125 an
3117 2064 3222 2125 illa
3249 2084 3384 2125 om-

1812 2160 1914 2220 nia
1946 2159 2315 2219 necessitate
2345 2166 2581 2219 naturae
2611 2158 2924 2229 eveniant,
2954 2158 3041 2218 ita
3067 2166 3136 2219 ut
3163 2159 3384 2218 volun-

1810 2261 1907 2315 tas
1937 2253 2307 2313 necessitate
2332 2252 2604 2330 quadam
2629 2251 2923 2321 naturali,
2945 2270 3055 2311 scu
3084 2252 3383 2312 extrinse-

1814 2364 1907 2419 ca,
1943 2346 2008 2405 in
2047 2346 2152 2407 illo
2184 2350 2348 2405 statu
2373 2345 2804 2416 constituatur,
2845 2344 2944 2405 vel
2973 2362 3118 2406 cum
3148 2345 3383 2405 contin-

1815 2440 2025 2519 gentia
2063 2446 2126 2499 et
2165 2438 2449 2500 libertate
2481 2456 2616 2498 sna.
2653 2438 2715 2499 Si
2755 2438 2878 2497 hoc
2917 2437 3262 2499 secundum
3289 2437 3384 2497 di-

1817 2538 2017 2607 catur,
2047 2534 2306 2594 restabit
2335 2532 2748 2611 quaerendum
2779 2532 3094 2610 quomodo
3122 2548 3382 2609 cognos-

1820 2634 1998 2688 catur
2031 2626 2416 2687 voluntatem
2472 2643 2610 2686 esse
2641 2624 3166 2685 ‘constituendam
3199 2626 3263 2683 in
3307 2642 3382 2685 eo

1818 2726 2002 2793 statu,
2035 2738 2180 2781 cum
2225 2720 2596 2799 contingens
2624 2719 2722 2779 sit.
2776 2718 2872 2790 Et,
2921 2717 2972 2777 si
3020 2718 3140 2795 hoc
3178 2718 3379 2796 ipsum

1816 2812 2059 2874 dicatur
2089 2812 2381 2891 cognosci
2424 2812 2488 2871 in
2531 2811 2652 2872 alia
2683 2810 2872 2890 priori
2913 2828 3124 2883 causa,
3165 2830 3384 2872 rursus

1816 2906 1983 2967 idem
2023 2905 2100 2965 de
2160 2906 2260 2965 illa
2323 2904 2888 2983 interrogabimuS‚
2946 2909 3008 2965 et
3057 2922 3384 2983 nunquam

1816 2998 1936 3058 erit
1965 2998 2280 3077 quaerendi
2329 2998 2665 3071 terminus,
2707 2996 2827 3057 nisi
2861 2996 3153 3057 sistamus
3188 2997 3288 3058 vel
3317 2998 3383 3057 in

1817 3110 2008 3154 causa
2061 3091 2418 3153 necessario
2457 3096 2708 3171 agente,
2763 3090 2862 3151 vel
2917 3090 2982 3150 in
3013 3090 3238 3151 effectu
3276 3090 3382 3170 qui

1816 3205 1946 3247 non
2001 3186 2196 3266 possit
2251 3186 2545 3266 cognosci
2593 3187 2660 3246 in
2695 3203 2886 3245 causa
2933 3203 3068 3245 sua.
3125 3186 3186 3246 Si
3233 3203 3381 3246 vero

1817 3297 2158 3342 concursus
2189 3281 2435 3340 illorum
2461 3279 2762 3354 omnium,
2791 3296 2931 3358 quae
2964 3279 3384 3340 determinant

1815 3373 2222 3445 voluntatem,
2239 3372 2480 3434 dicatur
2495 3371 2866 3432 necessitate
2885 3371 3160 3450 quadam
3176 3373 3384 3432 eveni-

1815 3485 1906 3537 re,
1936 3465 2096 3545 perit
2114 3466 2391 3538 libertas;
2419 3466 2565 3544 quia
2595 3483 2806 3538 causa,
2837 3483 2978 3543 quoe.
3005 3465 3381 3526 necessitate

1816 3567 2056 3620 naturas
2114 3558 2526 3620 determinata
2557 3566 2651 3620 cst
2701 3558 2784 3620 ad
2817 3577 3038 3630 unum,
3083 3577 3210 3620 non
3254 3559 3384 3637 agit

1816 3653 2044 3726 libere;
2073 3671 2220 3712 nam
2247 3655 2381 3714 haec
2416 3653 2542 3714 duo
2595 3660 2739 3715 sunt
2769 3653 3244 3714 contradictorie
3275 3671 3383 3731 op-

1814 3748 2018 3826 posita
2042 3767 2057 3821 ;
2094 3748 2206 3809 sed
2238 3748 2368 3808 liaec
2398 3765 2586 3808 eausa
2612 3747 2982 3808 necessitate
3010 3751 3249 3807 naturae
3277 3745 3383 3807 de-

1814 3841 2149 3901 terminata
2182 3847 2278 3901 est
2307 3839 2386 3900 ad
2425 3857 2620 3900 unum
2643 3886 2659 3912 ,
2693 3839 2840 3918 quia
2869 3841 3238 3901 necessitate
3269 3859 3384 3899 na-

1816 3934 2002 3994 turali
2031 3933 2130 3994 vel
2157 3933 2524 4008 extrinseca,
2557 3932 2850 3994 dicuntur
2883 3932 2966 3992 illi
2997 3932 3253 4012 adjungi
3281 3933 3384 3993 vel

1818 4026 2154 4105 superaddi
2230 4043 2304 4087 ea
2367 4044 2504 4105 quae
2571 4026 2742 4086 illam
2815 4025 3236 4087 determinant
3299 4024 3384 4087 ad

1816 4139 2048 4194 unum,
2096 4139 2269 4201 ergo.
2305 4121 2444 4182 Dixi
2478 4138 2727 4199 semper
2755 4139 2768 4180 :
2797 4119 3174 4184 Necessitate
3205 4125 3384 4182 natu-

1814 4216 1964 4289 mli,
2011 4215 2102 4276 vel
2144 4217 2507 4289 extrinseca,
2549 4215 2695 4294 quia
2739 4233 2960 4294 parum
2995 4213 3187 4274 refert
3213 4213 3384 4292 quod

1818 4308 1927 4369 illa
1967 4310 2308 4369 necessitas
2365 4309 2692 4387 proveniat
2741 4327 2778 4368 a
2827 4325 3016 4368 causa
3074 4308 3381 4380 naturali,

1818 4402 1918 4461 vel
1949 4421 1986 4462 a
2015 4401 2212 4462 libera
2239 4401 2614 4476 extrinseca,
2647 4401 2697 4462 si
2721 4407 3010 4480 respectu
3049 4401 3384 4462 voluntatis

1821 4515 1898 4558 ex
1926 4496 2297 4557 necessitate
2328 4496 2611 4572 infertur,
2639 4501 2709 4556 ut
2736 4496 2797 4556 in
2823 4496 2928 4557 lib.
2964 4504 2992 4558 1
3023 4495 3385 4575 praeceden-

1820 4589 1897 4649 tis
1941 4589 2147 4667 operis
2179 4588 2304 4648 late
2336 4587 2647 4667 prosecuti
2683 4607 2921 4650 sumus.

1903 4683 1998 4742 42.
2064 4681 2348 4762 Vuzyaris
2385 4682 2602 4743 solutio
2635 4680 2962 4764 propositae
2993 4684 3280 4746 rationis.
3305 4715 3385 4730 --

1820 4775 2122 4838 Diluitur.
2151 4806 2232 4820 —-
2255 4775 2426 4835 Solet
2451 4774 2694 4862 tid-haec
2724 4781 3093 4850 argumenta
3125 4794 3384 4855 respon-

1820 4867 1956 4928 deri
2016 4885 2128 4945 per
2181 4867 2506 4946 vulgarem
2539 4869 2999 4930 distinctionem
3054 4869 3136 4929 de
3195 4887 3386 4930 sensu

1824 4960 2169 5039 composito
2200 4967 2260 5021 et
2289 4961 2510 5034 diviso,
2539 4963 2854 5033 nimirum,
2883 4963 3270 5024 voluntatem
3297 4963 3386 5024 sic

1825 5054 2200 5133 applicatam
2241 5053 2322 5113 ad
2374 5073 2531 5132 opus
2576 5054 2977 5116 infallibiliter
3022 5055 3289 5134 operari,
3325 5061 3387 5116 et

1823 5148 2229 5208 nihilominus
2265 5147 2486 5221 libere,
2539 5149 2779 5209 etiamsi
2829 5165 3048 5210 omnes
3098 5148 3216 5208 illae
3269 5150 3387 5208 cir-

1826 5242 2242 5314 cumstantiae,
2276 5241 2768 5302 determinantes
2797 5241 2990 5312 illam,
3015 5241 3390 5302 antecedant

1824 5353 2006 5394 usum
2047 5333 2370 5407 libertam,
2410 5340 2472 5394 et
2513 5353 2591 5394 ex
2620 5334 2740 5393 illis
2771 5341 3070 5411 sequatur
3096 5333 3385 5394 infallibi-

1823 5427 1897 5487 lis
1929 5427 2034 5486 il'la
2089 5426 2560 5498 determinatim
2597 5427 2743 5504 quia
2778 5432 2906 5486 tota
2957 5427 3090 5486 haec
3145 5433 3238 5488 est
3276 5445 3387 5488 ne-

1823 5519 2081 5580 cessitas
2112 5539 2189 5580 ex
2237 5519 2682 5599 suppositione,
2729 5525 2790 5580 et
2834 5538 2960 5582 non
3001 5520 3379 5600 simpliciter.
