3850 6225
528 369 647 434 138

528 477 879 540 absolutam
911 481 975 537 et
1000 475 1341 549 efficacem,
1374 492 1503 535 non
1540 476 1748 553 potest
1774 470 1907 532 fieri
1941 470 2094 550 quin

530 589 607 630 ex
646 569 751 630 illa
790 568 1026 630 oriatur
1052 567 1619 648 praedeterminatio
1666 565 1954 626 absoluta
1988 579 2094 624 vo-

527 663 783 726 luntatis
831 667 1097 737 creatae3
1142 661 1312 740 quia,
1368 661 1517 722 licet
1564 661 1731 720 Deus
1774 657 1971 718 libere
2013 655 2096 716 ad

530 762 703 817 extra
732 755 979 828 efficiat,
1029 773 1175 816 cum
1212 755 1476 815 liberum
1522 753 1613 813 illi
1660 752 1738 812 sit
1784 749 1946 812 velle
1993 748 2093 810 vel

530 867 659 910 non
678 849 861 923 velle,
908 855 1121 910 tamen
1150 849 1199 908 si
1231 847 1513 909 absolute
1548 847 1703 920 vult,
1734 863 1862 906 non
1889 849 1986 904 est
2007 842 2094 904 illi

524 943 795 1004 liberum
824 941 1017 1021 quod,
1058 947 1259 1003 stante
1287 941 1609 1002 voluntate
1658 957 1797 1010 sua,
1838 956 1968 998 non
1997 955 2094 996 se-

528 1041 757 1115 quatur
798 1035 1079 1108 effectu3‚
1132 1035 1245 1096 sed
1286 1033 1642 1096 necessario
1684 1027 1984 1111 sequitur.
2019 1031 2096 1090 Et

530 1131 674 1191 huic
716 1129 991 1209 opinioni
1039 1129 1254 1191 favent
1280 1130 1731 1200 DamascenuS,
1754 1124 2092 1204 Gregorius

528 1225 879 1304 Nysscnus‚
930 1228 993 1284 et
1042 1223 1145 1284 alii
1186 1223 1380 1286 Graeci
1404 1267 1421 1296 ,
1478 1222 1589 1302 qui
1624 1221 1745 1282 hoc
1787 1237 1980 1280 sensu
2025 1218 2090 1278 in

528 1316 893 1377 universum
918 1323 1155 1397 negant
1182 1321 1357 1378 actus
1395 1315 1627 1376 liberos
1660 1331 1797 1374 esse
1844 1331 1921 1374 ex
1949 1329 2091 1392 pro·

525 1409 821 1472 videntia.

606 1503 887 1567 Aliorum
914 1505 983 1567 ds
1002 1505 1302 1584 proedicta
1328 1503 1601 1586 opinione
1629 1519 1907 1576 censura,
1946 1517 2090 1582 pro-

521 1598 775 1679 priaque
798 1596 1209 1662 sententia.—
1228 1598 1380 1658 Aliis
1414 1615 1565 1658 vero
1592 1614 1721 1656 non
1750 1595 1952 1656 solum
1981 1594 2092 1655 fal-

527 1710 618 1765 sa,
650 1691 760 1752 sed
788 1691 976 1752 etiam
1006 1709 1272 1753 erronea
1314 1698 1376 1753 et
1404 1690 1593 1770 impia
1622 1689 1917 1770 praedicta
1949 1707 2090 1748 sen-

526 1785 721 1846 tentia
760 1784 1041 1856 videtur,
1082 1789 1153 1846 ut
1202 1785 1403 1862 capite
1450 1781 2086 1862 p1·aecedentiretuli;

527 1877 676 1957 quia
719 1895 955 1956 negare
979 1879 1143 1940 hanc
1170 1876 1671 1955 praefinitionem,
1702 1881 1925 1956 putant
1953 1893 2094 1936 esse

526 1989 761 2050 negare
814 1971 1267 2050 providentiam
1315 1970 1535 2032 talium
1590 1976 1865 2031 actuum.
1912 1968 2092 2031 Unde

528 2065 743 2144 aliqui,
778 2071 845 2126 ut
872 2065 1199 2127 contrariae
1241 2063 1520 2145 opinioni
1566 2069 1781 2124 notam
1814 2062 2088 2136 inurant,

526 2158 605 2218 de
648 2159 785 2218 aliis
818 2159 1099 2220 referunt
1140 2176 1249 2219 eos
1292 2175 1529 2237 negare
1580 2174 1709 2216 non
1737 2154 2098 2236 praefinitio-

527 2269 701 2325 nem,
738 2252 848 2312 sed
898 2251 1359 2332 providentiam
1408 2251 1627 2312 talium
1678 2256 1955 2321 actuum,
2005 2249 2096 2309 eis

528 2344 939 2406 attribuentes
990 2345 1159 2424 quod
1212 2363 1289 2405 ex
1335 2361 1555 2406 eorum
1613 2343 1923 2403 sententia
1977 2341 2094 2421 ipsi

526 2438 693 2498 male
722 2438 1019 2500 inferunt.
1042 2439 1315 2500 Probant
1338 2439 1525 2516 igitur
1542 2437 1705 2498 hanc
1726 2436 2090 2510 illationem,

526 2531 673 2610 quia
704 2531 754 2592 si
780 2532 948 2593 Deus
974 2549 1105 2592 non
1132 2530 1403 2611 praefinit
1426 2531 1595 2592 hunc
1622 2536 1831 2591 actum
1856 2529 1921 2590 in
1951 2547 2096 2608 par-

524 2625 773 2687 ticulari
796 2671 812 2700 ,
846 2643 999 2706 ergo
1048 2644 1175 2686 non
1218 2625 1465 2686 ordinat
1505 2624 1685 2685 illum
1722 2623 1789 2684 in
1818 2623 2094 2702 aliquem

524 2719 755 2792 finem;
802 2737 951 2798 ergo
996 2737 1125 2780 non
1151 2719 1437 2798 providet
1482 2719 1679 2792 illum,
1714 2717 1863 2796 quia
1888 2718 2090 2796 provi-

526 2813 739 2874 dentia
773 2819 869 2876 est
912 2813 1219 2874 ordinatio
1269 2813 1361 2873 rei
1398 2813 1461 2872 in
1500 2830 1687 2872 suum
1740 2810 1934 2872 finem
1975 2829 2090 2891 per

526 2905 963 2968 convenientia
1010 2906 1241 2967 media.
1290 2907 1469 2982 Item,
1526 2906 1581 2966 si
1638 2922 1767 2965 non
1824 2903 2088 2983 pra-finit

524 3001 695 3060 Deus
738 2999 909 3060 hunc
950 3001 1181 3072 actum,
1218 3017 1369 3078 ergo
1412 3017 1543 3058 non
1580 2995 1767 3058 efficit
1808 2995 1982 3055 illum
2021 2995 2086 3054 in

524 3092 885 3173 particulari
926 3109 1003 3155 ex
1045 3111 1135 3166 se,
1168 3097 1232 3154 et
1260 3111 1337 3153 ex
1360 3091 1705 3154 intentione
1744 3107 1901 3162 sua;
1937 3107 2086 3169 ergo

526 3188 713 3249 veluti
756 3206 939 3260 casu,
986 3193 1050 3249 et
1092 3206 1221 3248 non
1260 3206 1337 3248 ex
1380 3184 1771 3267 providentia
1814 3184 2088 3264 perfecta

530 3281 733 3342 influit
770 3281 835 3341 in
874 3280 1071 3341 illum.
1108 3280 1391 3341 Tandem
1425 3280 1557 3341 hoec
1604 3276 1934 3357 prm-finitio
1963 3295 2090 3338 non

528 3380 769 3454 pugnat
800 3392 943 3435 cum
986 3374 1271 3436 libertate
1297 3392 1312 3446 ;
1348 3392 1459 3435 cur
1482 3390 1631 3453 ergo
1676 3378 1773 3433 est
1797 3372 2090 3451 neganda

526 3468 751 3529 divinoe
788 3467 1213 3548 providentias,
1250 3486 1393 3529 cum
1426 3468 1647 3529 saltem
1677 3466 1756 3527 ad
1784 3467 2090 3546 majorem

526 3562 663 3641 ejus
690 3562 1141 3642 perfectionem
1170 3565 1449 3641 spectet?
1483 3560 1879 3622 Antecedens
1918 3566 2092 3639 patet

524 3656 590 3715 in
620 3654 861 3716 actibus
902 3654 1515 3733 supernaturalibus,
1546 3654 1651 3732 qui
1680 3652 1857 3714 liberi
1902 3658 2086 3727 sunt3

524 3752 589 3811 et
626 3756 861 3823 tamen,
894 3749 1065 3827 quod
1094 3766 1313 3811 omnes
1353 3750 1415 3809 in
1469 3747 1827 3829 particulari
1854 3748 2091 3828 praede-

523 3842 677 3903 finiti
704 3842 847 3916 sint,
880 3842 1093 3904 dicunt
1121 3860 1259 3903 esse
1288 3842 1367 3905 de
1394 3841 1519 3903 fide
1546 3840 1736 3921 hujus
1768 3841 2092 3902 sententiaa

524 3940 835 3997 auctores·

522 4067 812 4133 Auctoris
828 4068 1199 4153 proponitur
1233 4068 1535 4132 sententia
1552 4112 1569 4142 ‚
1620 4084 1693 4131 ac
1729 4069 1798 4131 ds
1836 4072 2093 4149 utraque

865 4162 1166 4247 proedicta
1190 4162 1500 4245 judicium
1536 4166 1755 4242 fertur.

604 4300 665 4360 2.
694 4296 817 4359 Sed
848 4298 1173 4377 utriusque
1208 4296 1536 4359 sententias
1566 4302 1913 4359 assertores
1953 4298 2090 4359 sine

524 4390 933 4453 fundamento
984 4390 1331 4452 sufficiente
1388 4390 1577 4451 locuti
1632 4395 1797 4451 sunt.
1866 4390 2094 4453 Prioris

526 4485 695 4546 enim
749 4484 1069 4545 sententiae
1120 4488 1405 4545 auctores
1456 4489 1679 4563 putant
1734 4491 1909 4545 actus
1961 4504 2092 4546 non

527 4596 713 4657 posse
750 4594 890 4637 esse
932 4576 1187 4643 liberos.
1230 4576 1283 4637 si
1328 4577 1453 4637 sint
1482 4576 1897 4655 praedefiniti;
1943 4596 2091 4657 pos-

526 4670 773 4733 terioris
810 4676 1133 4741 asserunt,
1182 4669 1235 4731 si
1287 4688 1415 4731 non
1444 4670 1568 4731 sint
1620 4670 1927 4749 proefiniti,
1959 4689 2090 4732 non

528 4782 715 4843 posse
762 4782 899 4825 esse
946 4764 1251 4844 provisos..
1296 4766 1599 4825 Neutrum
1636 4770 1845 4825 autem
1880 4765 2094 4843 sequi-

528 4862 633 4918 tur
681 4874 901 4918 revera
958 4874 1037 4917 ex
1084 4856 1519 4936 praefinitione,
1575 4861 1638 4918 et
1687 4858 1773 4917 ita
1824 4862 2091 4936 utraque

530 4949 839 5011 sententia
862 4950 931 5009 in
959 4951 1079 5011 hoc
1104 4968 1295 5011 sensu
1318 4949 1477 5011 falsa
1506 4956 1629 5023 est;
1664 4951 1794 5013 sive
1821 4949 1901 5012 de
1926 4950 2094 5013 facto

532 5062 753 5104 verum
784 5042 862 5103 sit
886 5044 1003 5104 hos
1028 5049 1205 5104 actus
1234 5062 1371 5105 esse
1401 5043 1759 5123 praefinitoe,
1786 5044 1915 5105 sive
1941 5062 2092 5115 non.

532 5140 609 5198 Et
648 5136 903 5217 quidem
936 5136 1015 5199 de
1052 5136 1459 5204 fundamento
1502 5138 1727 5216 prioris
1770 5138 2095 5199 sententiae

531 5249 737 5311 pauca
766 5230 867 5292 hic
894 5230 1125 5303 dicam,
1175 5232 1479 5317 quoniam
1512 5232 1578 5291 in
1604 5230 1731 5291 fine
1762 5230 2100 5310 superioris

531 5325 675 5388 libri
700 5324 1031 5398 declaravi,
1060 5319 1195 5402 quo'
1216 5342 1407 5385 sensu
1432 5324 1569 5385 haec
1598 5324 1930 5403 praefinitio
1955 5342 2100 5385 cum

536 5417 823 5480 libertate
849 5436 980 5479 non
1022 5423 1265 5498 pugnet
1304 5437 1319 5477 z
1362 5422 1425 5479 et
1474 5417 1541 5478 in
1590 5418 1747 5479 libro
1777 5418 1962 5479 tertio
1999 5436 2101 5479 os-

533 5512 821 5589 tendam,
848 5511 1294 5575 convenienter
1320 5512 1539 5595 negari
1558 5530 1688 5573 non
1713 5530 1917 5594 posse,
1946 5512 2097 5593 quin

1088 369 1295 425 OPUSC.
1332 371 1375 436 Ι,
1407 369 1521 424 Lm.
1556 371 1620 422 11.
1655 369 1735 422 DE
1768 365 2088 420 CONCURSU
2117 365 2224 418 nm
2254 364 2340 417 An
2371 360 2574 416 AcTus
2606 358 2850 414 onmms
2885 359 3169 417 NATURAE.

2171 469 2346 530 Deus
2403 465 2649 544 aliquos
2703 463 2926 526 saltem
2993 467 3505 548 supernaturales
3557 471 3710 526 actus
3816 477 3819 536 ξ

2172 558 2502 640 Praefiniat·
2536 557 2860 632 Quocirca,
2893 565 2984 632 ut,
3016 561 3189 640 quod
3224 563 3448 634 sentio,
3495 560 3711 620 sincere
3817 555 3819 632 g

2173 671 2250 714 ac
2279 652 2472 713 libere
2502 651 2856 730 proferam,
2903 655 3188 730 quamvis
3217 652 3558 736 probabilis
3591 653 3713 714 doc·
3817 661 3819 734 ξ

2173 745 2336 807 trina
2383 745 2482 816 sit,
2525 745 2728 805 Deum
2756 763 2886 805 non
2933 746 3248 822 proefinire
3282 765 3510 809 omnes
3563 751 3713 806 actus
3817 759 3819 796 ῑ

2173 838 2406 900 liberos
2433 837 2656 912 bonos,
2687 855 2805 898 nec
2829 838 3166 914 naturales,
3201 859 3319 902 nec
3347 839 3610 900 fortasse
3631 858 3715 898 su·
3817 891 3819 894 Α

2174 931 2646 1012 pernaturaleS,
2701 929 2780 992 de
2817 929 3049 1008 quibus
3091 951 3205 994 suo
3257 933 3395 994 loco
3433 931 3714 999 dicemus,
3817 931 3819 960 ²

2173 1041 2456 1086 asserere
2483 1027 2701 1084 tamen
2739 1023 2948 1086 Deum
2981 1043 3110 1086 non
3153 1044 3340 1104 posse
3373 1025 3514 1086 illos
3539 1024 3720 1104 praefi-
3817 1011 3819 1078 ἑ

2173 1117 2332 1191 nire,
2369 1134 2578 1196 neque
2618 1133 2902 1194 unquam
2951 1117 3385 1196 praefinivisse,
3413 1118 3572 1178 mihi
3609 1135 3718 1178 non
3816 1121 3819 1208 3

2170 1210 2414 1272 videtur
2445 1227 2598 1272 vera
2633 1209 2915 1270 doctrina
2937 1255 2952 1282 ‚
2999 1229 3120 1272 nec
3159 1217 3588 1273 consentanea
3619 1213 3720 1271 Au·
3816 1219 3819 1300 3

2171 1303 2446 1384 guatino,
2485 1303 2561 1363 D.
2607 1303 2860 1364 Thomae
2889 1307 2951 1364 et
2977 1305 3442 1384 probatioribus
3479 1304 3720 1364 Theolo-
3817 1333 3819 1352 ÷

2171 1398 2287 1478 giS,
2315 1397 2440 1458 imo
2485 1415 2604 1458 nec
2645 1396 2834 1457 modo
2863 1415 2990 1476 quo
3021 1399 3335 1478 Scriptura
3367 1397 3641 1476 loquitur
3671 1398 3718 1457 in
3817 1409 3819 1428 ³

2169 1490 2382 1552 multis
2423 1490 2747 1553 effectibus
2785 1490 3196 1568 providentia}
3243 1492 3472 1552 divinae
3507 1537 3523 1564 ,
3557 1491 3616 1550 in
3643 1491 3721 1550 his
3817 1541 3819 1586 ;

2169 1585 2520 1666 praesertim
2557 1602 2698 1663 quae
2751 1585 2834 1644 ad
2873 1585 3200 1646 hominum
3239 1585 3512 1647 salutem
3563 1589 3722 1646 aeter-
3817 1605 3819 1634 τ

2171 1697 2320 1740 nam
2355 1684 2418 1741 et
2455 1677 3074 1758 praedestinationem
3101 1685 3428 1758 spectant;
3471 1677 3586 1738 sed
3611 1679 3720 1737 haec

2172 1773 2440 1834 attinent
2463 1771 2546 1832 ad
2575 1772 2908 1833 materiam
2937 1772 3102 1834 tertii
3141 1772 3304 1845 libri,
3335 1777 3399 1832 et
3427 1771 3572 1834 ideo
3597 1771 3719 1832 illuc

2177 1883 2376 1946 usque
2401 1865 2790 1927 differantur.

2258 1962 2316 2022 3.
2361 1961 2610 2022 Prioris
2633 1958 2939 2040 opinionis
2959 1961 3424 2034 fundamentum
3445 1956 3713 2022 diruitur.

2185 2053 2242 2118 S
2245 2053 2466 2117 aientia
2495 2051 2887 2116 conditionali
2921 2053 3264 2131 [immerito]
3303 2056 3550 2136 maala,
3573 2071 3716 2132 proe-

2171 2147 2370 2222 finitio
2417 2147 2644 2228 quoevis
2689 2145 2993 2212 libertatis
3039 2165 3220 2210 usum
3273 2146 3516 2210 evertit.
3539 2177 3620 2190 —
3661 2147 3718 2208 [t

2177 2258 2330 2320 ergo
2359 2239 2724 2300 auctoribus
2751 2240 2976 2319 prioris
3009 2239 3336 2300 sententiae
3362 2238 3718 2318 respondea-

2177 2355 2343 2408 mus,
2373 2335 2474 2396 vel
2519 2335 2606 2396 illi
2649 2335 3004 2396 existimant
3047 2336 3246 2396 Deum
3292 2335 3538 2395 habere
3588 2352 3720 2412 prae-

2175 2429 2502 2490 scientiam
2533 2428 3020 2489 conditionatam
3057 2428 3412 2488 futurorum
3439 2426 3716 2494 omnium,

2173 2521 2348 2599 prius
2378 2538 2572 2598 quam
2599 2539 2674 2580 ea
2721 2539 2858 2582 esse
2903 2521 3203 2582 decernat
3251 2525 3362 2581 aut
3399 2519 3716 2598 permittat,

2173 2615 2274 2675 vel
2327 2613 2684 2676 existimant
2729 2614 2795 2676 in
2844 2615 2976 2675 Deo
3029 2632 3158 2674 non
3225 2611 3504 2693 supponi
3557 2611 3718 2672 talem

2173 2707 2498 2770 scientiam
2523 2713 2665 2768 ante
2683 2724 2870 2768 omne
2889 2707 3216 2768 decretum
3233 2705 3512 2766 liberum
3529 2704 3718 2766 voluu-

2169 2800 2314 2862 tatis
2345 2817 2493 2860 suas.
2519 2799 2583 2862 Si
2617 2801 2681 2860 in
2719 2800 3048 2879 posteriori
3079 2799 3498 2861 fundamento
3529 2817 3714 2877 procc-

2169 2893 2352 2966 dunt,
2389 2899 2848 2972 consequenter
2890 2893 3148 2971 quidem
3179 2893 3554 2973 loquuntur,
3591 2891 3714 2970 quia

2167 3007 2408 3060 revera,
2442 2987 2493 3048 si
2529 2989 2696 3050 Deus
2737 2988 2976 3068 absque
3005 2987 3114 3048 tali
3141 2987 3538 3067 proescientia
3584 3005 3712 3065 prae-

2167 3081 2375 3145 finiret
2397 3088 2604 3143 actum
2633 3082 2968 3145 voluntatis
2991 3099 3172 3156 mcae,
3197 3098 3326 3143 non
3363 3084 3582 3160 posset
3607 3098 3708 3139 non

2172 3175 2486 3256 applicare
2517 3176 2724 3237 media
2755 3176 2982 3255 quibus
3008 3194 3218 3237 meam
3241 3174 3628 3237 voluntatem
3649 3172 3712 3231 ad

2169 3270 2362 3331 talem
2419 3274 2628 3331 actum
2693 3268 3070 3332 eliciendum
3123 3268 3708 3349 proedeterminaret;

2171 3364 2340 3424 unde
2377 3382 2455 3425 ex
2497 3363 2600 3424 tali
2637 3362 3046 3442 praefinitione
3093 3364 3226 3424 sine
3271 3362 3378 3423 illa
3413 3360 3716 3440 praescien-

2171 3457 2280 3533 tia,
2311 3456 2669 3517 necessario
2713 3456 2994 3535 sequitur
3043 3454 3612 3535 proedeterminatio
3655 3451 3718 3510 ad

2175 3556 2348 3612 extra
2375 3550 2666 3610 humanas
2705 3548 3078 3621 voluntatis;
3119 3549 3174 3610 si
3203 3566 3356 3628 ergo
3387 3548 3526 3609 haec
3557 3564 3719 3625 repu-

2173 3650 2326 3723 gnat
2348 3642 2642 3715 libertati,
2673 3645 2744 3702 ut
2769 3649 3088 3704 ostensum
3118 3648 3236 3715 est,
3265 3642 3462 3704 etiam
3499 3640 3602 3701 illa
3639 3657 3720 3698 re-

2171 3738 2496 3818 pugnabit.
2539 3736 2716 3798 Ratio
2759 3746 2974 3797 autem
3009 3734 3302 3799 illationis
3347 3734 3530 3797 istius
3577 3734 3720 3795 clara

2173 3839 2290 3905 est,
2323 3831 2578 3904 scilicet,
2612 3830 2762 3910 quia
2793 3829 3120 3910 praefinitio
3171 3828 3577 3891 infallibiliter
3611 3826 3722 3887 effi-

2172 3926 2294 3987 ciat
2331 3930 2542 3987 actum
2575 3922 3074 4005 praedefinitum3
3117 3941 3293 4003 ergo,
3327 3924 3380 3982 si
3421 3922 3532 3983 illa
3555 3920 3721 3983 motio
3811 3964 3813 3979 .

2171 4038 2302 4081 non
2361 4022 2568 4097 potest
2623 4036 2764 4079 esse
2824 4016 3166 4077 infallibilis
3221 4035 3298 4077 ex
3351 4013 3718 4095 praescientia

2171 4112 2618 4185 conditionata,
2665 4112 2814 4190 quia
2852 4111 2986 4171 haec
3027 4128 3154 4171 non
3203 4116 3322 4185 est,
3375 4112 3622 4188 oportet
3669 4111 3720 4165 ut

2173 4208 2251 4269 sit
2293 4204 2629 4266 infallibilis
2669 4224 2746 4266 ex
2777 4203 3054 4265 efficacia
3083 4222 3224 4275 sua,
3251 4208 3442 4282 atque
3473 4202 3628 4265 adeo
3659 4218 3720 4261 ex

2172 4298 2233 4360 vi
2263 4298 2850 4379 praedeterminante
2883 4296 3142 4357 omnino
3171 4296 3584 4365 voluntatem,
3613 4311 3722 4353 om·
3809 4346 3811 4383 :

2173 4392 2322 4452 nino
2356 4390 2772 4469 (inquam),id
2791 4395 2886 4451 est
2913 4389 3172 4469 physice
3195 4396 3259 4449 et
3279 4388 3716 4454 inevitabiliter;

2177 4486 2346 4565 quia,
2379 4486 2462 4547 ad
2501 4483 3000 4545 infallibilitatem
3027 4500 3142 4543 seu
3175 4482 3610 4543 certitudinem
3651 4477 3722 4538 ef-

2175 4578 2374 4639 fectus
2417 4576 2736 4657 praefiniti,
2777 4575 2950 4636 nulla
2987 4576 3192 4637 minor
3234 4574 3720 4655 praedetermina—

2171 4671 2280 4743 tio,
2333 4676 2402 4731 ut
2443 4670 2718 4743 moram,
2759 4669 2860 4731 vel
2887 4669 3008 4729 alia
3039 4667 3283 4739 similis,
3317 4668 3604 4729 sufficere
3629 4682 3722 4743 po-

2171 4770 2313 4825 test.
2347 4766 2817 4837 Verumtamen,
2839 4762 2986 4824 licet
3031 4780 3110 4823 ex
3153 4762 3273 4823 hoc
3323 4762 3719 4824 fundamento

2173 4864 2343 4918 recte
2385 4856 2656 4918 inferant
2701 4856 2850 4919 dicti
2899 4861 3212 4931 auctoreS‚
3245 4862 3609 4935 supponunt
3649 4862 3721 4917 ta-

2175 4970 2323 5013 men
2347 4952 2574 5013 falsum
2596 4950 3097 5022 fundamentum,
3132 4950 3302 5031 quod
3327 4950 3650 5030 Scripturis
3671 4952 3722 5007 et
3805 5016 3807 5041 ἓ

2177 5046 2420 5109 Sanctis
2446 5045 2728 5107 Patribus
2753 5045 2816 5105 in
2841 5045 3093 5124 proprio
3123 5062 3318 5125 opere
3345 5044 3682 5105 ostendam.
3805 5044 3807 5065 ²

2263 5138 2411 5203 Cum
2425 5140 2666 5218 proefini
2670 5138 2825 5201 tione
2847 5137 3180 5202 voluntatis
3203 5139 3286 5201 ad
3307 5138 3502 5211 intra,
3533 5142 3720 5199 nostra

2179 5233 2428 5297 libertas
2466 5252 2586 5295 non
2625 5238 2884 5315 puqnat.
2909 5264 2992 5279 —
3017 5232 3082 5295 Si
3109 5236 3322 5293 autem
3354 5232 3502 5293 dicti
3533 5236 3722 5291 aucto-

2179 5346 2284 5388 res
2335 5326 2666 5387 admittant
2709 5324 3196 5387 conditionatam
3233 5324 3582 5395 scientiam,
3611 5340 3720 5383 non
3803 5336 3805 5351 ·

2177 5424 2348 5481 recte
2400 5418 2678 5480 inferunt
2733 5436 2808 5479 ex
2861 5417 3356 5497 praedefinitione
3413 5418 3498 5479 ad
3545 5418 3720 5478 intra.

2179 5512 2906 5593 praedeterminationem
2977 5518 3204 5575 nostrai
3261 5512 3598 5573 voluntatis
3656 5508 3722 5569 ad
