3850 6225
748 417 883 469 cAP.
918 415 1001 468 111.
1038 415 1205 470 VERA
1238 413 1713 470 mmeEREN'riA
1744 409 2130 474 LIBERTATIS,
2167 411 2436 475 EJUSQUE
2467 411 2769 468 RECEPTA.
2806 408 2938 461 ETC.

234 522 630 599 gumentum,
657 517 830 597 quod
856 517 939 595 ad
966 517 1287 579 hominem
1308 523 1557 590 vocant,
1590 520 1805 577 contra

3369 407 3446 467 13

1885 511 2056 572 enim
2097 511 2286 572 sumit
2327 511 2677 572 libertatem
2733 527 2860 570 non
2909 525 3048 570 esse
3096 507 3446 575 indifferen-

225 613 421 693 hujus
464 611 785 673 sententiae
844 616 1171 685 auctores;
1210 628 1361 672 nam
1418 609 1539 690 ipsi
1580 610 1807 670 docent
1884 605 2040 666 tiam
2078 603 2400 684 potentiae,
2447 603 2562 666 sed
2605 602 2857 683 objecti,
2901 601 2950 662 si
2990 601 3070 664 sit
3101 621 3324 666 sensus
3367 607 3448 667 ad

226 705 423 785 quod,
450 705 503 766 si
525 706 693 766 Deus
718 721 799 765 ex
820 705 1193 766 necessitate
1213 711 1453 766 naturae
1480 707 1717 782 ageret,
1744 706 1805 763 et
1826 703 1835 714 ‘

226 805 513 860 nostram
540 798 934 860 voluntatem
974 800 1127 858 tunc
1156 805 1461 870 moveret,
1504 814 1603 868 ea,
1647 793 1804 856 scili-

227 898 352 967 cet,
386 892 667 953 motione
712 909 839 970 qua
876 907 1067 952 causa
1104 890 1307 970 prima
1334 895 1542 952 movet
1579 905 1803 950 secun·

233 985 404 1058 dam,
427 983 713 1046 voluntas
741 989 957 1044 nostra
984 985 1341 1044 necessario
1364 988 1427 1045 et
1444 1001 1576 1044 non
1602 981 1799 1042 libere

234 1083 622 1156 operaretur.
652 1079 744 1139 Ex
772 1078 893 1139 hac
921 1076 1206 1139 doctrina
1258 1077 1413 1155 (sive
1452 1093 1625 1150 vera,
1668 1073 1797 1134 sive

230 1171 391 1231 falsa
423 1170 523 1249 sit)
554 1170 643 1232 sic
669 1170 895 1250 colligo
930 1188 945 1230 ε
982 1169 1225 1231 etiamsi
1253 1171 1421 1231 Deus
1444 1165 1800 1230 necessario

230 1267 489 1338 ageret,
530 1281 663 1323 non
705 1262 1059 1324 destrueret
1088 1262 1395 1342 judicium
1422 1261 1703 1334 rationiS‚
1741 1265 1803 1320 et

228 1362 447 1417 tamen
494 1355 847 1417 destrueret
890 1355 1246 1416 libertatem
1266 1401 1282 1429 ,
1338 1355 1484 1435 quia
1520 1353 1803 1431 ⁸necessi-

232 1454 363 1509 tate
387 1448 661 1526 quadam
694 1455 979 1511 moveret
1008 1450 1416 1523 voluntatem,
1464 1453 1547 1522 et,
1598 1444 1801 1527 posita

236 1542 377 1620 ejus
404 1542 703 1614 motione,
730 1559 861 1603 non
888 1548 1102 1622 posset
1144 1543 1435 1603 voluntas
1478 1559 1607 1602 non
1650 1556 1803 1620 ope—

234 1635 398 1707 rari;
440 1652 591 1714 ergo
632 1634 859 1696 falsum
904 1635 1209 1714 imprimis
1250 1641 1343 1697 est
1370 1632 1801 1696 definitionem

231 1725 537 1788 libertatis
568 1727 817 1801 salvari,
850 1728 971 1788 hoc
998 1727 1131 1788 solo
1170 1726 1341 1807 quod
1385 1725 1671 1787 voluntas
1706 1723 1801 1786 fe-

232 1826 414 1879 ratur
436 1837 513 1880 ex
534 1819 771 1899 judicio
804 1819 1061 1882 rationis
1075 1820 1413 1900 judicantis
1442 1818 1802 1880 indifferen-

207 1912 391 1973 ·tiam
416 1913 483 1972 in
514 1913 797 1992 obJecto;
826 1931 975 1974 nam
1016 1919 1145 1974 tota
1173 1915 1310 1976 hoec
1340 1911 1617 1974 definitio
1651 1928 1803 1972 con-

227 2005 475 2066 veniret
512 2005 679 2066 actui
713 2006 1051 2068 voluntatis
1092 2006 1297 2068 elicito
1326 2023 1403 2068 ex
1444 2005 1799 2067 necessaria

228 2099 511 2160 motione
534 2100 647 2160 Dei
670 2099 1027 2161 necessario
1057 2101 1321 2180 agentis,
1350 2105 1433 2172 et,
1462 2104 1535 2158 ut
1558 2097 1675 2176 ipsi
1702 2097 1799 2158 di-

231 2197 408 2265 cunt,
468 2210 597 2253 non
635 2198 801 2254 esset
840 2192 1017 2253 liber.
1052 2193 1302 2254 Falsum
1347 2194 1496 2254 item
1532 2197 1627 2252 est
1666 2209 1797 2251 non

229 2303 418 2365 posse
452 2284 714 2365 intelligi
760 2286 1203 2348 necessitatem
1240 2285 1453 2346 inferri
1498 2283 1663 2346 actui
1692 2303 1797 2344 vo-

230 2379 514 2452 luntatis,
542 2384 749 2440 stante
778 2380 883 2440 illo
904 2379 1141 2458 judicio
1180 2380 1375 2441 libero
1407 2398 1422 2452 ;
1465 2396 1637 2451 nam,
1684 2396 1797 2457 po-

232 2473 353 2534 sita
390 2472 493 2532 illa
538 2474 893 2553 hypothesi,
940 2473 1149 2536 divina
1200 2474 1393 2535 motio
1434 2472 1659 2533 dicitur
1694 2488 1801 2532 ne-

232 2567 593 2628 cessitatem
620 2568 677 2628 ei
716 2569 1040 2648 imponere
1076 2575 1139 2630 et
1174 2569 1527 2629 libertatem
1554 2566 1796 2637 tollere,

234 2681 379 2723 cum
410 2667 623 2722 tamen
652 2661 907 2722 evidens
953 2661 1033 2722 sit
1078 2681 1207 2723 non
1254 2661 1501 2724 auferre
1541 2660 1801 2722 rationis

227 2755 563 2834 judicium.
595 2755 687 2814 Ex
714 2772 838 2832 quo
868 2756 1055 2816 etiam
1081 2773 1415 2835 possumus
1436 2755 1523 2814 ita
1552 2752 1803 2814 conclu-

234 2848 389 2908 dere
422 2866 435 2907 :
470 2846 678 2908 divina
722 2848 915 2908 motio
942 2849 1161 2909 efficax
1206 2854 1269 2909 et
1304 2845 1657 2908 necessaria
1683 2844 1803 2905 tol-

233 2943 395 3002 leret
422 2941 797 3014 libertatem,
842 2941 989 3004 licet
1024 2960 1155 3002 non
1194 2941 1437 3002 tolleret
1457 2939 1795 3019 judicium;

238 3052 390 3115 ergo
422 3034 609 3094 etiam
634 3052 802 3094 nuuc
836 3029 1041 3114 potest
1076 3035 1265 3107 DeuS‚
1299 3033 1495 3095 libere
1526 3029 1795 3113 agendO,

236 3134 367 3187 tam
394 3126 710 3189 efficacem
738 3128 1079 3189 motionem
1108 3127 1429 3201 adhibere,
1458 3132 1528 3187 ut
1552 3126 1799 3186 liberta-

151 3265 157 3271 ·
234 3222 317 3283 tis
341 3239 527 3281 usum
553 3220 749 3293 tollat,
780 3228 1075 3283 manente
1094 3221 1353 3282 rationis
1371 3218 1630 3299 judiciO.
1656 3219 1801 3279 Pro-

232 3316 425 3376 batur
460 3316 939 3393 consequentia,
988 3322 1123 3377 tum
1164 3315 1311 3394 quia
1340 3333 1469 3375 non
1509 3320 1605 3377 est
1630 3329 1799 3373 nunc

230 3408 319 3467 mi
328 3426 445 3468 nus
467 3412 689 3486 potens
712 3409 881 3469 Deus
904 3408 987 3469 ad
1014 3408 1353 3469 efficaciter
1380 3406 1761 3469 movendum
1780 3424 1797 3478 ;

230 3506 371 3561 tum
398 3502 543 3579 quia
572 3518 713 3561 eam
742 3502 893 3575 vim,
920 3518 1113 3581 quam
1142 3501 1473 3563 adhiberet
1508 3518 1803 3561 necessa-

233 3596 331 3655 rio
358 3594 411 3655 si
430 3594 797 3656 naturaliter
822 3600 1061 3674 ageret,
1078 3600 1285 3673 potest
1306 3612 1477 3655 nunc
1502 3593 1801 3655 adhibere

232 3688 433 3749 libere
458 3706 475 3762 ς
507 3688 660 3767 quid
688 3688 857 3748 enim
885 3691 1099 3749 vetat?
1128 3687 1381 3749 Falsum
1424 3706 1575 3767 ergo
1608 3692 1703 3747 est
1728 3686 1803 3745 li-

233 3782 546 3843 bertatem
578 3780 925 3845 formaliter
966 3782 1269 3862 compleri
1314 3800 1431 3861 per
1473 3780 1599 3843 tale
1643 3780 1805 3859 judi-

243 3893 435 3935 cium.

298 4064 601 4130 Seowndoe
634 4064 935 4147 opinionis
964 4062 1361 4140 mdamonta
1387 4065 1739 4129 diruuntur.

324 4250 421 4309 14.
468 4249 669 4327 Atque
717 4248 861 4310 hinc
898 4265 1275 4328 responsum
1310 4254 1407 4310 est
1450 4248 1533 4309 ad
1578 4247 1803 4309 funda-

234 4345 527 4401 mentum
562 4341 871 4419 praedictoe
918 4342 1281 4416 sententiae3
1325 4340 1469 4403 licet
1501 4341 1667 4403 enim
1699 4342 1804 4421 ju-

238 4432 475 4493 dicium
517 4433 675 4494 illud
698 4435 777 4496 sit
819 4435 997 4495 radix
1041 4435 1275 4509 liberae·
1303 4433 1643 4509 electionis,
1677 4442 1805 4496 non

237 4532 459 4589 tamen
484 4528 637 4587 satis
664 4534 761 4589 est
792 4528 875 4589 ad
913 4528 1243 4590 formalem
1270 4528 1643 4589 libertatem.
1678 4530 1727 4589 N
1734 4546 1804 4590 ec

236 4638 461 4681 verum
504 4626 599 4681 est
624 4620 1055 4683 definitionem
1082 4621 1263 4683 liberi
1292 4628 1467 4683 actus
1506 4622 1805 4701 compteri

237 4713 305 4773 in
345 4714 465 4775 hoc
508 4714 681 4797 quod
716 4714 797 4775 ab
840 4714 947 4775 illo
977 4714 1211 4793 judicio
1250 4714 1571 4794 procedat,
1600 4715 1713 4777 sed
1738 4716 1803 4775 in

238 4808 361 4867 hoc
398 4810 568 4887 quod
608 4806 909 4888 procedat
936 4824 1013 4868 ex
1048 4806 1341 4868 facultate
1378 4812 1803 4869 consentanea

237 4898 329 4959 illi
350 4900 588 4979 judicio
614 4918 743 4961 non
764 4899 1081 4979 impedita,
1114 4918 1233 4961 nec
1255 4899 1508 4961 aliunde
1534 4900 1660 4961 vim
1688 4918 1799 4963 seu

238 4994 683 5057 necessitatem
709 4993 1007 5072 patiente.

344 5087 693 5150 Dicet-imon
756 5086 919 5148 inter
969 5084 1237 5149 divinam
1287 5090 1675 5167 nostramque
1722 5084 1799 5149 zi-

240 5179 551 5243 bertam.
586 5210 669 5225 —-
702 5178 1237 5242 Immutabilitatis
1291 5178 1613 5242 necessitas
1668 5196 1803 5241 oum

238 5272 519 5337 libertate
538 5290 659 5335 non
680 5276 935 5354 puynat.
964 5304 1045 5318 —
1073 5272 1209 5333 Alia
1235 5290 1387 5333 vero
1414 5271 1801 5333 confirmatio

242 5373 307 5427 et
331 5366 673 5429 declaratio
700 5366 867 5427 illius
894 5366 1239 5439 sententiae,
1268 5366 1369 5426 vel
1393 5365 1457 5427 in
1484 5365 1802 5444 aequivoco

238 5458 508 5533 laborat,
556 5460 707 5521 dum
746 5477 785 5519 a
828 5458 1039 5521 divina
1087 5458 1373 5523 libertate
1404 5458 1489 5519 ad
1525 5463 1805 5519 nostram

242 5561 741 5637 argumentatur,
792 5554 895 5617 vel
936 5559 1152 5634 aperte
1212 5558 1309 5615 est
1354 5552 1535 5616 falsa.
1600 5552 1805 5625 Quum

1884 697 2239 760 libertatem
2279 717 2409 758 non
2455 716 2594 759 esse
2644 696 3064 759 necessariam
3093 696 3452 761 indifferen-

1886 791 2038 852 tiam
2063 791 2364 864 volentis‚
2407 809 2521 852 seu
2565 789 2882 870 operantis
2903 834 2918 861 ‚
2961 795 3056 850 est
3079 797 3296 869 aperte
3332 792 3451 854 fal-

1884 901 2052 956 sum,
2101 885 2231 946 sive
2279 886 2410 946 Deo
2460 884 2589 946 sive
2625 883 2806 944 nobis
2845 883 2986 944 talis
3031 883 3450 948 indifferentia

1890 983 2180 1056 negetur.
2227 976 2385 1048 Quid
2433 977 2601 1038 enim
2637 976 2830 1039 refert
2876 976 3195 1056 objectum
3256 997 3336 1040 ex
3379 998 3446 1040 se

1880 1085 2020 1130 esse
2041 1067 2427 1144 indifferen8‚
2471 1070 2524 1130 si
2568 1087 2838 1150 operans
2867 1076 2978 1131 aut
3002 1070 3220 1132 volens
3245 1071 3417 1132 aliun
3435 1106 3450 1118 ·

1882 1162 1990 1237 de,
2038 1164 2168 1224 sive
2197 1165 2605 1238 extrinsecuS,
2633 1165 2764 1226 sive
2791 1183 2872 1226 ex
2893 1170 3118 1227 natura
3149 1182 3288 1239 sua,
3319 1183 3448 1227 non

1882 1262 1980 1318 est
2016 1256 2402 1332 indifferens,
2431 1256 2546 1319 sed
2585 1256 2668 1320 ad
2698 1276 2897 1319 unum
2925 1257 3448 1320 determinatum?

1883 1349 1946 1412 Si
1981 1367 2130 1412 vero
2155 1351 2236 1412 sit
2273 1368 2494 1412 sensus
2535 1369 2664 1412 non
2700 1369 2840 1413 esse
2878 1353 3300 1415 necessariam
3335 1372 3446 1433 po-

1881 1445 2092 1506 tentiae
2125 1443 2612 1507 indifferentiam
2639 1445 2704 1506 in
2735 1445 2954 1508 ordine
2985 1445 3066 1506 ad
3096 1451 3293 1519 actus,
3337 1447 3450 1508 sed

1882 1537 1948 1598 in
1993 1537 2210 1598 ordine
2263 1537 2342 1598 ad
2399 1538 2644 1618 objecta
2681 1538 2988 1612 sufficere,
3043 1545 3140 1600 est
3193 1539 3448 1618 quidem

1880 1629 2002 1691 hoc
2019 1649 2242 1692 verum
2263 1630 2328 1690 in
2357 1630 2512 1700 Deo.
2541 1649 2670 1692 non
2694 1635 2909 1692 tamen
2937 1633 3002 1692 in
3031 1631 3245 1704 nobis3
3278 1634 3446 1694 Deus

1882 1723 2050 1784 enim
2077 1742 2156 1784 ex
2183 1741 2250 1784 se
2279 1730 2374 1784 est
2402 1723 2764 1786 indifferens
2791 1724 2873 1785 ad
2900 1723 3167 1786 volenda
3203 1725 3447 1804 objecta

1882 1822 2060 1877 extra
2093 1835 2184 1891 se,
2213 1835 2344 1878 non
2368 1835 2482 1896 per
2512 1817 2770 1878 modum
2797 1818 3092 1896 potentia}
3121 1816 3204 1879 ad
3243 1824 3442 1893 actuS‚

1880 1907 1996 1971 sed
2023 1927 2136 1989 per
2164 1909 2424 1970 modum
2465 1909 2906 1990 simplicissimi
2953 1917 3152 1987 actus,
3198 1913 3304 1992 qui
3333 1931 3450 1993 per

1880 2021 2020 2064 sese
2069 2006 2275 2082 potest
2317 2004 2638 2064 terminari
2676 2004 2780 2066 vel
2818 2023 2947 2065 non
2995 2005 3317 2066 terminari
3365 2005 3448 2068 ad

1878 2097 2026 2158 talia
2070 2096 2338 2175 obiecta,
2371 2096 2506 2157 sine
2533 2097 2662 2157 ulla
2688 2097 3160 2176 potentialitate‚
3189 2098 3361 2178 quod
3381 2100 3446 2160 in

1876 2187 2012 2269 ipso
2042 2189 2170 2250 Deo
2191 2188 2476 2250 mirabile
2507 2195 2622 2264 est,
2647 2196 2710 2252 et
2737 2190 3060 2269 proprium
3089 2191 3249 2270 ejus,
3271 2192 3352 2253 ob
3371 2193 3448 2252 il·-

1875 2281 2314 2343 liusinfinitam
2325 2283 2666 2362 perfection
2675 2301 2797 2344 em.
2813 2285 3108 2346 Creatura
3119 2303 3293 2359 ver0,
3310 2304 3448 2365 quae

1880 2375 2058 2436 finita
2073 2381 2189 2450 est,
2210 2395 2338 2438 non
2353 2382 2560 2455 potest
2579 2377 2888 2456 attingere
2908 2365 3356 2457 perfectionem
3375 2379 3449 2440 il-

1881 2469 2009 2530 lam
2035 2489 2048 2530 :
2074 2470 2187 2532 sed
2206 2471 2536 2550 participat
2551 2470 2905 2534 libertatem
2925 2491 3040 2552 per
3056 2473 3316 2534 modum
3341 2493 3448 2553 po-

1880 2564 2112 2640 tentiae,
2145 2583 2285 2644 quae
2316 2571 2522 2644 potest
2549 2571 2758 2630 actum
2784 2566 3030 2628 efficere
3057 2569 3156 2629 vel
3184 2588 3450 2648 suspen-

1881 2655 2054 2730 dere,
2106 2663 2214 2719 aut
2263 2659 2616 2737 oppositum
2659 2658 2890 2721 facere.
2945 2661 3160 2738 Neque
3204 2660 3284 2721 ad
3311 2679 3447 2722 rem

1885 2756 2124 2829 spectat
2151 2749 2323 2830 quod
2372 2751 2662 2812 voluntas
2691 2753 2802 2813 Dei
2847 2751 3036 2814 fuerit
3083 2754 3167 2814 ab
3212 2761 3446 2817 aeterno

1882 2841 2319 2917 determinata,
2355 2850 2416 2906 et
2443 2845 2510 2904 in
2539 2863 2614 2906 ea
2643 2845 3166 2908 determinatione
3195 2865 3449 2928 semper

1880 2941 2157 3009 maneat,
2200 2942 2263 2997 et
2301 2943 2516 2999 tamen
2553 2938 2749 2998 libere
2777 2939 2962 3012 velit3
3008 2940 3156 3019 quia
3199 2939 3302 3000 illa
3337 2941 3446 3002 de·-

1879 3029 2258 3106 terminati0‚
2288 3031 2574 3107 quamvis
2604 3036 2862 3106 aeterna,
2891 3048 3020 3092 non
3045 3032 3162 3094 fuit
3188 3033 3268 3093 ab
3297 3033 3443 3106 alio,

1880 3121 1993 3182 sed
2022 3140 2098 3182 ex
2144 3123 2397 3202 propria
2443 3124 2772 3195 libertate;
2828 3130 3191 3203 perseverat
3233 3132 3446 3187 autem

1882 3235 2134 3297 semper
2147 3218 2370 3280 eadem
2387 3219 2467 3279 ob
2482 3219 3050 3281 immutabilitatem
3067 3241 3082 3292 ;
3103 3227 3166 3283 et
3179 3221 3321 3283 ideo
3342 3222 3447 3283 illa

1882 3310 2319 3373 determinatio
2365 3331 2494 3375 non
2527 3318 2768 3392 pugnat
2810 3332 2954 3374 cum
2999 3313 3444 3388 indifferentia,

1882 3405 2032 3482 quia
2063 3412 2156 3465 est
2203 3406 2285 3466 ab
2327 3406 2662 3469 intrinseca
2701 3406 3012 3481 libertate,
3059 3413 3122 3469 et
3172 3409 3448 3471 necessi-

1880 3503 1978 3559 tas
2001 3497 2522 3561 immutabilitatis
2555 3500 2916 3579 simpliciter
2943 3518 3072 3561 non
3108 3508 3444 3582 repugnat,

1882 3590 2030 3667 quia
2062 3597 2156 3652 est
2193 3609 2272 3652 ex
2315 3592 2743 3672 suppositione
2785 3592 2983 3655 libera
3022 3594 3271 3674 ipsimet
3300 3613 3448 3675 ope-

1884 3684 2050 3745 ranti
2073 3702 2186 3745 seu
2213 3686 2468 3759 volenti,
2499 3686 2626 3748 imo
2653 3693 2749 3750 est
2776 3704 3027 3767 semper
3045 3688 3216 3751 idem
3245 3694 3444 3764 actus,

1888 3776 2238 3857 eademque
2267 3777 2702 3849 determinatio
2725 3780 2946 3843 libera.

2472 3974 2723 4037 CAPUT
2762 3975 2860 4037 111.

1882 4162 2046 4211 VERA
2111 4163 2576 4211 mmrrnlmmu
2621 4162 2971 4211 munaum
3025 4164 3276 4219 museo:
3326 4166 3442 4213 ΒΕ·

2197 4257 2390 4303 OEPTA
2428 4256 2731 4303 mzmu'rlo
2766 4256 3124 4305 Exrom‘run.

1969 4431 1998 4490 1
2011 4473 2026 4488 .
2087 4426 2250 4502 Quid
2307 4431 2392 4493 ad
2455 4428 2710 4493 liborum
2773 4428 3209 4512 indifferentia*
3269 4446 3448 4495 usum

1883 4521 2528 4605 νεμέτωρ-ΑΜ
2547 4524 2730 4597 Tmn,
2752 4523 2798 4586 Ζ.
2826 4527 2867 4584 4
2881 4542 2998 4607 pro
3024 4525 3202 4607 epist.
3230 4525 3443 4600 Pont„

1885 4634 1938 4679 c.
1973 4618 2050 4690 2;
2089 4616 2396 4680 Basilius.
2439 4646 2521 4663 -
2569 4618 2730 4677 Vera
2770 4616 2960 4697 igitur
2995 4623 3058 4677 et
3097 4617 3447 4679 communis

1883 4710 2348 4789 'theologorum
2374 4710 2684 4771 sententia
2709 4716 2825 4783 est,
2857 4710 2939 4771 ad
2965 4729 3152 4771 usum
3178 4711 3447 4772 liberum

1860 4803 2011 4865 «duo
2039 4803 2294 4882 requiri.
2324 4804 2601 4865 Primum
2631 4810 2747 4877 est,
2773 4804 2836 4863 in
2860 4803 3156 4865 facultate
3197 4804 3334 4883 ipsa
3356 4804 3447 4866 iu-

1883 4895 2236 4957 differentia
2289 4895 2554 4976 positiva
2608 4896 2690 4957 ad
2739 4896 3077 4957 volendum
3125 4902 3188 4958 et
3231 4897 3448 4958 nolen-

1881 4989 2070 5063 dum3
2096 4990 2364 5053 alterum
2389 4995 2510 5064 est,
2531 4996 2618 5065 ut,
2645 5006 2840 5067 quum
2859 4989 2967 5052 illa
2983 4988 3248 5051 facultas
3271 5008 3450 5052 exer-

1882 5090 1982 5145 cet
2022 5088 2254 5156 actum,
2287 5083 2370 5145 ita
2419 5082 2500 5145 sit
2539 5082 2836 5162 disposita
2877 5088 2967 5158 ut,
2999 5084 3218 5163 positis
3246 5083 3448 5145 omni-

1881 5176 2004 5237 bus
2046 5175 2362 5253 requisitis
2417 5177 2482 5235 in
2540 5182 2686 5237 actu
2730 5175 2932 5255 primo
2975 5194 3089 5239 seu
3143 5196 3221 5239 ex
3270 5183 3448 5257 parte

1882 5269 2169 5348 principii
2195 5268 2278 5329 ad
2303 5267 2715 5348 operandum,
2749 5270 3036 5349 expedita
3087 5276 3342 5331 maneat
3367 5271 3450 5332 ad

1882 5361 2224 5423 volendum
2253 5367 2314 5424 et
2341 5360 2710 5423 nolendum.
2743 5362 2917 5423 Prior
2965 5361 3156 5443 hujus
3201 5367 3451 5423 senten-

1883 5458 1986 5519 tiae
2033 5477 2180 5539 pars
2229 5457 2584 5521 necessario
2634 5458 2915 5537 sequitur
2956 5476 3034 5520 ex
3077 5456 3256 5518 dictis
3303 5476 3444 5537 cap.

1886 5570 2100 5633 super.
2137 5559 2352 5614 contra
2385 5552 2660 5633 priorem
2710 5552 3083 5614 sententiam
3111 5569 3128 5625 ;
3185 5549 3333 5629 quia
3359 5550 3450 5613 fa-
