3850 6225
659 418 828 473 sssc'r.
865 422 949 473 111.
987 423 1070 473 AN
1099 423 1334 475 tlt-:nrm
1367 420 1784 474 Mon'rlFmA'rA
1817 384 1901 471 al)
1937 419 2267 471 PRISTINUM
2300 419 2567 481 STATUM,
2602 418 2735 469 ETC.

83 512 241 576 deat
293 536 372 577 ex
400 520 810 597 promissione
859 523 991 595 Dei,
1022 530 1234 585 tamen
1269 524 1375 583 illa
1405 522 1658 583 moralis

83 614 556 687 permanentia,
599 631 724 691 qua
757 632 916 693 opus
945 620 1330 677 transactum
1369 621 1661 677 censetur

85 702 306 763 adhuc
323 704 550 767 durare
578 707 642 767 in
669 710 1096 787 acceptatione
1125 711 1356 781 divina,
1391 710 1658 771 multum

82 797 332 875 pendet
364 817 441 858 ex
495 802 910 879 promissione
960 804 1096 875 Dei;
1130 810 1318 882 atque
1367 804 1552 864 etiam
1583 819 1661 863 ex

76 891 260 966 justa
303 910 492 970 poena
550 912 664 972 pro
720 902 978 975 peccato
1033 898 1179 958 oriri
1229 903 1454 977 potest,
1491 894 1662 973 quod

83 983 290 1043 homo
327 992 664 1048 censeatur
689 989 944 1050 omnino
980 991 1263 1051 amittere
1311 990 1465 1051 illud
1505 1008 1662 1069 opus

85 1078 442 1155 peccando,
459 1080 544 1141 ita
557 1086 624 1141 ut
648 1084 807 1143 exevi
825 1082 986 1143 illius
1005 1084 1142 1162 jam
1157 1103 1282 1144 non
1298 1084 1410 1145 fiat
1438 1084 1664 1163 dignus

85 1172 376 1248 praemio.
425 1173 600 1235 Unde
634 1180 841 1253 potest
893 1183 1336 1257 argumentum
1365 1178 1430 1238 in
1474 1176 1658 1237 simili

83 1264 300 1325 forma
343 1266 598 1329 instari:
653 1287 802 1329 nam
862 1276 1188 1350 peccatum
1250 1276 1344 1333 est
1399 1271 1661 1350 dignum

85 1366 406 1438 perpetua
445 1365 510 1420 et
559 1360 1028 1441 irrecuperabili
1083 1363 1418 1425 amissione
1467 1364 1661 1424 bono-

85 1469 240 1510 rum
288 1453 604 1527 omnium;
663 1474 816 1535 ergo
858 1474 1028 1517 nunc
1090 1458 1406 1519 constituit
1457 1457 1662 1527 homi-

85 1562 246 1605 nem
282 1545 544 1626 dignum
575 1548 682 1609 tali
720 1549 1101 1621 amissione;
1155 1569 1328 1630 ergo,
1361 1552 1480 1611 hoc
1525 1550 1660 1628 ipso

87 1639 270 1717 quod
300 1639 490 1701 homo
515 1643 817 1720 peccavit,
865 1644 1264 1722 quantumvis
1294 1650 1512 1724 postea
1562 1660 1664 1703 re-

87 1736 342 1811 surgat,
375 1751 622 1814 semper
669 1744 885 1799 manet
925 1737 1154 1816 dignus
1197 1738 1302 1799 illa
1357 1740 1664 1817 perpetua

87 1826 460 1888 amissione.
491 1828 646 1889 Item
673 1831 1124 1909 proportionali
1153 1837 1523 1911 argumento
1569 1848 1664 1891 os-

85 1920 271 1981 tendi
299 1927 509 1999 posset
551 1923 874 1985 hominem
901 1942 1160 1985 manere
1197 1924 1460 2003 dignum
1487 1932 1664 1988 oeter-

85 2032 178 2073 na
224 2031 418 2093 poena
457 2021 712 2095 propter
757 2023 1084 2095 peccatum
1131 2019 1328 2079 semel
1376 2018 1663 2080 commis-

87 2126 266 2180 sum,
301 2108 544 2169 etiamsi
571 2115 976 2171 retractatum
1003 2112 1102 2173 sit.
1141 2113 1272 2173 Imo
1307 2112 1494 2174 etiarn
1537 2113 1664 2175 col-

85 2200 208 2281 ligi
241 2204 454 2279 posset
482 2202 802 2264 hominem
843 2222 1010 2265 nunc
1039 2205 1380 2280 incurrere,
1409 2212 1665 2285 propter

85 2300 453 2373 peccatum,
499 2301 740 2357 reatum
772 2298 1026 2377 maioris
1049 2316 1254 2377 poenae
1285 2318 1473 2379 quam
1503 2302 1664 2360 Deus

89 2389 430 2460 taxaverit,
463 2388 610 2466 quia
647 2396 979 2468 peccatum
1014 2392 1362 2453 secundum
1406 2410 1472 2453 se
1522 2412 1666 2453 con-

85 2480 441 2543 sideratum
476 2482 736 2562 dignum
793 2490 887 2545 est
935 2485 1156 2564 majori
1214 2504 1444 2565 poena3
1478 2486 1666 2567 igitur

83 2574 230 2635 hoec
285 2576 540 2636 moralis
599 2577 890 2655 affectio(
921 2584 988 2639 ut
1019 2580 1108 2639 sic
1151 2577 1392 2659 dicam)
1424 2584 1488 2641 et
1528 2599 1664 2660 per-

81 2668 418 2729 manentia
458 2670 822 2731 meritorum
874 2678 983 2733 aut
1019 2672 1464 2734 demeritorum
1501 2674 1664 2734 mul-

81 2766 232 2819 tum
269 2761 503 2840 pendet
544 2780 622 2823 ex
650 2764 790 2843 lege
817 2764 928 2825 Dei
965 2766 1239 2827 taxantis
1275 2768 1534 2845 proemia
1560 2766 1662 2829 vel

85 2870 324 2931 poenas
360 2855 749 2917 meritorum.

99 3096 258 3171 Quoe
321 3093 736 3160 misericordia
794 3097 1128 3166 intercedat
1183 3100 1250 3164 in
1301 3101 1667 3184 reparandis

557 3191 796 3254 meritis
821 3193 1222 3274 mortificatis.

183 3417 247 3476 9.
295 3418 609 3482 Decretum»
655 3437 729 3480 ea>
770 3417 1183 3482 memorata
1211 3436 1356 3502 crya
1403 3423 1668 3498 peccato-

91 3529 226 3574 res.
243 3513 534 3576 —Aliud
551 3531 688 3596 erqo
718 3513 950 3593 justos.
983 3545 1064 3560 —
1094 3515 1420 3594 Utriusque
1446 3514 1668 3575 decreti

85 3606 578 3680 fundamentum.
607 3605 1045 3666 —Dicendum
1074 3624 1222 3684 ergo
1250 3623 1476 3666 censeo
1509 3623 1666 3684 opus

89 3700 226 3760 hoc
245 3716 600 3777 supponere
633 3699 1122 3760 misericordiam
1151 3705 1214 3760 et
1243 3700 1663 3760 consummari

93 3811 221 3872 per
262 3791 592 3872 justitiam.
624 3793 804 3865 Quod
845 3793 1099 3873 quidem
1139 3794 1202 3854 in
1230 3794 1543 3854 communi
1566 3813 1666 3854 sa-

97 3887 186 3948 tis
234 3890 479 3948 constat
517 3905 597 3948 ex
627 3894 894 3966 utraque
926 3887 1236 3948 sententia
1282 3893 1564 3948 tractata.
1595 3889 1665 3948 In

97 3979 466 4060 particulari
517 3997 668 4041 vero
718 3980 1071 4042 declaratur
1103 4025 1118 4054 ‚
1173 3998 1321 4040 nam
1364 3981 1666 4059 imprimis

101 4073 466 4134 necessaria
510 4071 629 4133 fuit
668 4073 1095 4134 misericordia
1125 4073 1290 4134 illius
1322 4074 1534 4135 aeterni
1563 4073 1669 4134 de-

99 4167 284 4239 creti,
315 4183 439 4245 quo
467 4165 636 4227 Deus
661 4167 874 4228 statuit
920 4167 1094 4246 leges
1124 4172 1186 4227 et
1220 4167 1667 4246 promissiones

95 4261 274 4320 circa
325 4265 686 4339 peccatores
719 4263 782 4320 et
815 4260 1060 4339 justos:
1099 4260 1264 4320 circa
1303 4265 1666 4339 peccatores

97 4353 364 4433 quidem
404 4358 712 4431 quatenus
743 4352 956 4416 statuit
981 4370 1112 4413 non
1165 4371 1274 4414 eos
1311 4353 1536 4432 punire
1593 4371 1670 4413 ex

95 4455 234 4510 toto
266 4446 474 4526 rigore
515 4446 851 4526 condign0‚
893 4445 1006 4506 sed
1045 4447 1212 4506 citra
1258 4446 1666 4526 condignum,

93 4547 167 4602 ut
187 4539 384 4600 est'in
415 4557 524 4599 ore
553 4538 834 4600 omnium
857 4537 1342 4617 Theologorum.
1367 4539 1442 4598 Et
1473 4538 1674 4616 (inter

95 4634 228 4696 alia
257 4635 278 4712 )
307 4630 762 4712 benignitatem
782 4633 942 4691 hanc
967 4631 1030 4690 in
1043 4632 1162 4692 hoc
1193 4631 1480 4706 ostendit,
1501 4630 1672 4710 quod

89 4728 308 4790 noluit
357 4743 465 4786 eos
493 4725 718 4803 punire
767 4723 1112 4804 privatione
1153 4723 1433 4784 omnium
1488 4723 1673 4784 meri-

89 4829 342 4893 torum,
383 4835 598 4896 quam,
629 4824 697 4878 ut
727 4817 814 4878 sic
857 4817 1084 4888 dicam,
1113 4815 1251 4896 ipso
1278 4815 1442 4876 facto
1470 4816 1674 4876 incur-

83 4917 252 4977 rant
299 4911 436 4972 sine
486 4909 616 4971 ulla
671 4929 782 4989 spe
821 4909 1206 4970 remissionis
1251 4909 1390 4968 talis
1441 4926 1669 4987 poenae.

85 5007 232 5072 Sed
262 5003 470 5066 solum
489 5003 684 5064 voluit
707 5003 774 5064 id
805 5003 975 5081 quod
1003 5003 1338 5064 intrinsece
1365 5007 1426 5063 et
1452 5019 1672 5062 neces-

85 5105 290 5164 sitate
344 5097 617 5176 quadam
657 5097 990 5158 comitatur
1031 5101 1384 5176 peccatum,
1438 5095 1674 5154 scilicet

85 5199 192 5267 ut,
243 5190 548 5272 quamdiu
593 5196 711 5263 est,
766 5189 1088 5268 impediat,
1124 5194 1186 5250 et
1239 5188 1426 5249 faciat
1473 5186 1676 5248 homi-

85 5303 257 5350 nem
301 5286 664 5364 incapacem
715 5282 954 5363 proemii
1005 5283 1082 5343 de
1117 5281 1428 5362 condigno
1469 5299 1673 5342 corre-

89 5377 478 5462 spondentis
500 5377 1000 5456 quibuscumque
1029 5375 1288 5448 meritiS,
1307 5375 1508 5435 donec
1527 5391 1674 5452 pec-

89 5479 322 5538 catum
363 5471 635 5532 tollatur.
672 5473 908 5532 Rursus
925 5469 1086 5531 circa
1104 5469 1308 5548 justos
1338 5465 1672 5528 intervenit

91 5567 542 5632 misericordia
603 5566 670 5628 in
737 5569 971 5629 aeterna
1030 5563 1442 5645 promissione
1472 5609 1488 5637 ,
1543 5581 1668 5643 qua

1737 522 1906 581 Deus
1948 522 2161 581 statuit
2190 520 2339 581 dare
2376 520 2731 581 hominibus
2786 517 3115 598 praemium
3170 536 3301 578 om-

1739 614 1915 675 nium
1944 614 2309 675 meritorum
2344 660 2361 686 ,
2409 615 2525 675 has
2570 614 2771 674 solum
2800 612 3186 673 conditiones
3220 612 3301 673 ab

1742 708 1832 769 eis
1881 708 2213 785 exigend0‚
2243 708 2497 781 scilicet,
2530 714 2597 767 ut
2624 706 2771 767 talia
2812 724 3003 784 opera
3047 707 3301 767 merito-

1740 803 1834 863 ria
1865 807 2207 881 operentur
2254 802 2317 861 iu
2357 801 2555 881 gratia
2584 806 2648 861 et
2674 817 2749 860 ex
2778 799 2997 879 gratia,
3030 805 3093 859 et
3133 800 3303 877 quod

1743 914 1818 957 eo
1867 901 2149 974 tempore
2190 912 2317 972 quo
2366 894 2456 954 eis
2500 893 2761 954 daturus
2806 898 2902 953 est
2948 893 3295 971 praemium,

1743 988 1808 1049 in
1861 989 2061 1068 gratia
2109 1006 2215 1049 eos
2260 988 2556 1049 inveniat.
2604 987 2831 1059 Quare,
2862 986 2913 1045 si
2955 985 3179 1063 aliquis
3205 986 3295 1044 in-

1747 1082 1955 1161 quirat
1988 1082 2157 1142 unde
2206 1082 2551 1143 habeamus
2597 1080 3030 1141 certitudinem
3078 1080 3301 1158 prioris

1741 1176 1972 1237 decreti
2002 1194 2113 1236 seu
2160 1176 2319 1254 legis
2352 1174 2791 1235 misericordiae
2818 1173 2981 1233 circa
3013 1179 3304 1253 peccato-

1741 1286 1864 1341 reS,
1883 1268 2337 1346 respondemus
2364 1287 2441 1329 ex
2460 1268 2577 1329 hac
2598 1267 2872 1345 benig-na
2884 1267 3295 1345 promissione

1743 1363 1908 1424 circa
1930 1363 2131 1441 justos
2162 1363 2517 1423 necessario
2562 1361 2766 1441 colligi
2813 1360 3304 1421 misericordiam

1741 1457 1913 1519 illam
1934 1457 2097 1519 circa
2124 1462 2503 1535 peccatores
2522 1455 2700 1527 Quia,
2720 1455 2771 1513 si
2802 1455 2963 1515 Deus
2988 1454 3302 1513 statuisset

1742 1551 1965 1631 punire
1982 1549 2305 1629 quodlibet
2324 1554 2651 1629 peccatum
2679 1546 2941 1607 mortale
2966 1546 3303 1606 amissione
3340 1540 3351 1551 ’

1742 1649 2049 1723 perpetua
2086 1643 2362 1702 omnium
2394 1641 2759 1702 meritorum
2784 1640 3299 1719 praecedentium,

1747 1754 1874 1797 non
1912 1737 2218 1815 potuisset
2252 1735 2485 1815 expleri
2523 1734 2685 1795 eirca
2706 1735 2911 1813 justos
2936 1733 3041 1793 illa
3083 1733 3299 1794 condi-

1747 1829 1854 1902 tio,
1891 1830 2145 1903 scilicet,
2180 1830 2350 1908 quod
2385 1830 2459 1901 si,
2489 1833 2772 1907 tempore
2812 1846 2937 1906 quo
2983 1826 3295 1906 recepturi

1747 1929 1893 1985 sunt
1939 1924 2289 2003 praemium,
2318 1922 2719 1983 inveniantur
2752 1922 2819 1997 in
2867 1921 3088 2000 gratia,
3138 1918 3299 1979 reci-

1747 2020 1920 2097 piant
1953 2023 2151 2079 totum
2197 2016 2521 2095 praemium
2550 2033 2813 2095 operum
2842 2030 2979 2093 quae
3010 2014 3075 2073 in
3106 2012 3305 2092 gratia

1747 2118 1810 2173 et
1849 2130 1924 2173 ex
1974 2112 2171 2191 gratia
2202 2110 2443 2189 operati
2472 2110 2729 2170 fuerunt
2758 2127 2774 2181 ;
2822 2108 2989 2187 quia,
3019 2108 3069 2169 si
3098 2108 3305 2187 priora

1743 2206 1965 2267 merita
1992 2206 2336 2284 interrupta
2364 2203 2627 2263 fuissent
2646 2220 2761 2282 per
2787 2206 3116 2280 peccatum
3142 2218 3305 2261 mor-

1745 2299 1870 2359 tale
1896 2344 1911 2371 ,
1956 2299 2197 2359 etiamsi
2246 2303 2464 2377 postea
2512 2298 2942 2358 invenirentur
2968 2296 3033 2356 in
3076 2295 3299 2376 gratia,

1745 2410 1874 2453 non
1894 2393 2248 2472 reciperent
2280 2391 2609 2471 praemium
2636 2390 2881 2451 illorum
2896 2390 3257 2451 meritorum
3284 2407 3299 2457 ;

1747 2486 1915 2565 quod
1953 2493 2261 2565 repugnat
2306 2484 2702 2563 promissioni
2751 2488 2813 2545 et
2862 2480 3303 2544 misericordiae

1745 2597 1896 2659 erga
1936 2580 2162 2660 justOS‚
2209 2596 2401 2659 quam
2446 2578 2724 2639 secundo
2765 2578 2903 2639 loco
2954 2575 3299 2656 posuimus.

1741 2672 1852 2741 Illa
1913 2691 2068 2753 ergo
2132 2671 2461 2752 promissio
2511 2689 2661 2752 erga
2704 2672 2909 2751 justos
2948 2666 3303 2729 necessario

1745 2768 2061 2846 supponit,
2101 2766 2203 2828 vel
2248 2766 2513 2827 includit
2539 2766 2813 2845 priorem
2868 2766 3076 2844 legem
3123 2762 3308 2821 mise-

1743 2859 2025 2921 ricordiae
2070 2878 2221 2939 erga
2264 2864 2647 2937 peccatores.

1829 2955 1926 3014 10.
1971 2953 2033 3015 Si
2062 2970 2212 3013 vero
2260 2952 2483 3030 aliquis
2520 2951 2780 3013 ulterius
2826 2951 3101 3030 inquirat
3134 2948 3303 3011 unde

1747 3048 1912 3107 hanc
1936 3045 2347 3126 posteriorem
2374 3045 2581 3126 legem
2609 3051 2671 3105 et
2695 3044 3171 3124 promissionem
3191 3043 3307 3103 ha-

1747 3141 2034 3212 beamus»,
2068 3139 2483 3219 respondetur
2522 3157 2596 3200 ex
2632 3139 2855 3199 divinis
2883 3138 3238 3217 Scripturis‚
3269 3155 3305 3196 a

1750 3233 1990 3296 Sanctis
2020 3233 2321 3305 Patribus,
2358 3238 2418 3292 ct
2454 3231 2801 3293 distinctius
2840 3250 3031 3310 quam
3052 3237 3239 3292 antea
3270 3245 3308 3289 a

1749 3326 2021 3387 Concilio
2045 3326 2406 3387 Tridentino
2428 3325 2767 3406 explicatis
2796 3327 2950 3388 Nam
2979 3325 3307 3404 Scripturas

1749 3420 2113 3498 simpliciter
2161 3421 2531 3498 promittunt
2575 3420 2769 3480 vitam
2808 3424 3106 3500 aeternam
3142 3419 3305 3478 bene

1748 3513 2153 3593 operantibus
2183 3514 2251 3572 in
2295 3515 2455 3585 De0;
2502 3513 2664 3574 hanc
2711 3519 2921 3573 autem
2950 3511 3311 3591 promissio-

1745 3625 1894 3668 nem
1941 3607 2247 3668 intellexit
2272 3606 2611 3668 Concilium
2648 3623 2785 3667 esse
2812 3607 2909 3678 ita
2928 3604 3303 3678 absolutam,

1747 3705 1816 3762 ut
1856 3701 1938 3761 ad
1969 3719 2147 3760 suam
2178 3700 2643 3779 obligationem,
2686 3705 2747 3760 et
2778 3699 3308 3778 complementum

1747 3795 1904 3854 nihil
1959 3794 2129 3854 aliud
2174 3794 2471 3872 requirat,
2519 3793 2637 3853 nisi
2691 3798 2758 3854 ut
2799 3810 3071 3870 persona
3114 3791 3311 3853 semel

1746 3889 1989 3950 habens
2028 3888 2152 3948 tale
2202 3887 2495 3947 meritum
2551 3887 2629 3946 sit
2679 3888 2811 3947 Deo
2842 3888 3018 3964 grata
3056 3885 3310 3964 quando

1749 3987 2079 4060 receptura
2104 3985 2199 4041 est
2224 3980 2572 4058 praemium.
2612 3978 2906 4050 Quamvis
2931 3984 3141 4038 autem
3178 3979 3311 4038 haec

1749 4075 2053 4154 expositio
2090 4075 2456 4134 auctoritate
2499 4072 2776 4145 Concilii,
2810 4071 2979 4150 quod
3016 4088 3309 4149 expresse

1747 4169 1920 4228 illam
1968 4168 2173 4241 docet,
2224 4172 2292 4227 ut
2324 4167 2618 4239 vidimuS,
2660 4166 3041 4226 sufficienter
3086 4163 3313 4224 confir-

1749 4267 1977 4334 metur,
2002 4266 2214 4321 tamen
2242 4278 2369 4320 non
2402 4259 2665 4322 obscure
2704 4259 2957 4338 probari
2982 4257 3171 4319 etiam
3200 4275 3313 4336 po-

1749 4360 1873 4416 test
1909 4373 1987 4415 ex
2028 4353 2233 4414 verbis
2266 4353 2459 4428 Pauli,
2506 4371 2646 4432 quae
2694 4352 3071 4414 declaranda
3102 4369 3315 4411 susce-

1751 4447 1977 4527 pimus,
2008 4465 2149 4525 quae
2195 4452 2555 4525 supponunt
2594 4445 2825 4508 deberi¹
2851 4445 3179 4525 praemium
3238 4461 3315 4504 ex

1747 4540 1989 4620 justitia
2026 4539 2385 4620 hujusmodi
2414 4538 2729 4623 operibuS,
2774 4538 3017 4617 expleta
3038 4536 3141 4598 illa
3166 4555 3317 4598 con-

1753 4632 2011 4705 ditione,
2055 4632 2213 4693 adeo
2244 4637 2313 4692 ut
2354 4639 2521 4693 esset
2549 4632 2812 4712 injustus
2854 4631 3021 4692 Deus
3072 4631 3123 4692 si
3164 4631 3317 4692 illud

1752 4743 1881 4786 non
1911 4725 2123 4796 daret;
2158 4743 2280 4785 non
2302 4731 2514 4804 posset
2536 4731 2748 4786 autem
2776 4724 3156 4786 intervenire
3178 4725 3319 4785 talis

1753 4819 1911 4878 ratio
1930 4817 2205 4897 justitias,
2228 4817 2346 4878 nisi
2366 4817 2783 4896 praecessisset
2808 4817 2949 4877 talis
2964 4816 3317 4897 promissi0‚

1754 4917 1824 4973 ut
1851 4917 2114 4983 constat,
2154 4917 2287 4972 tum
2312 4929 2391 4970 ex
2419 4911 2695 4989 generali
2722 4911 2967 4972 ratione
3005 4912 3211 4972 meriti
3241 4911 3319 4970 de

1754 5005 2091 5085 condign0‚
2139 5009 2207 5064 ut
2234 5022 2403 5064 nunc
2441 5023 2765 5082 suppono;
2797 5009 2933 5064 tum
2960 5023 3038 5064 ex
3067 5003 3322 5083 speciali

1757 5098 2117 5159 difficultate
2173 5115 2363 5176 quam
2416 5096 2479 5156 in
2519 5097 2815 5176 praesenti
2842 5095 2989 5158 facit
3029 5115 3320 5176 superve-

1761 5191 1937 5250 niens
1965 5196 2289 5269 peccatum
2320 5195 2461 5269 post
2480 5190 2895 5268 praecedentia
2922 5190 3165 5250 merita.

1841 5286 1939 5343 Η.
1984 5283 2137 5346 Alia
2166 5281 2583 5346 misericordia
2609 5300 2741 5363 quoe
2769 5283 3092 5344 intervenit
3122 5284 3189 5343 iro
3212 5283 3324 5344 hac

1755 5375 2497 5456 vivificatione.—Praeter
2512 5375 2946 5446 haec,'necessa
2956 5375 3115 5433 rium
3134 5375 3325 5434 etiam

1755 5475 1850 5530 est
1879 5467 2051 5528 aliud
2090 5485 2249 5547 opus
2273 5468 2735 5540 misericordia·,
2788 5467 2956 5546 quod
2986 5470 3080 5528 est
3107 5468 3321 5528 remil-

1749 5567 1882 5624 tere
1901 5568 2229 5642 peccatum
2256 5561 2313 5622 ei
2351 5561 2477 5640 qui,
2505 5567 2645 5641 post
2664 5561 2859 5620 multa
2881 5561 3127 5635 merita,
3159 5579 3325 5624 mor·-
