3850 6225
636 399 770 455 CAP.
802 401 861 452 V.
896 399 1263 452 SOLVUNTUR
1296 397 1699 452 OBJEeTtONEs
1730 396 1977 450 CONTRA
2009 396 2364 452 DOCTmNAn
2395 399 2657 464 caprrtS,
2685 399 2824 452 Em.

126 498 471 574 praesertim
518 507 835 562 aeternam.
877 497 1057 562 Unde
1102 499 1335 561 nullius
1386 497 1687 560 momenti

128 594 211 648 est
252 590 305 649 si
338 593 483 671 quis
510 593 913 673 respondeat,
958 592 1103 654 licet
1130 593 1293 654 Deus
1322 612 1399 654 ex
1438 610 1553 654 sua
1578 609 1689 652 vo-

125 682 357 744 luntate
386 686 774 765 praedefiniat
806 685 1051 764 aliquos
1079 686 1159 746 ad
1196 692 1502 749 aeternum
1530 685 1691 746 inte-

126 775 327 850 ritum,
376 797 507 840 non
546 786 759 842 tamen
797 779 1241 859 proedestinare
1282 797 1391 840 eos
1432 778 1513 838 ad
1554 795 1689 838 ma-

124 868 263 938 lum,
310 871 463 948 quia
504 891 635 933 non
674 873 921 934 ordinat
966 872 1173 934 media
1204 889 1317 950 per
1346 889 1483 950 quae
1511 870 1689 931 dam-

125 961 306 1020 nandi
360 971 529 1038 sunt,
578 966 693 1026 sed
735 965 1035 1045 permittit
1080 969 1355 1038 tantum;
1402 965 1523 1024 boc
1563 963 1689 1041 (in-

126 1057 341 1135 quam)
366 1057 549 1118 valde
567 1058 857 1120 frivolum
876 1064 1002 1132 est3
1028 1064 1161 1118 tum
1183 1058 1327 1136 quia
1348 1057 1689 1118 Concilium

128 1155 335 1226 aperte
390 1151 667 1230 loquitur
716 1151 795 1212 de
850 1151 1393 1229 praedestinatione
1444 1150 1687 1210 ratione

128 1247 291 1302 actus
310 1243 675 1318 voluntatiS,
700 1262 814 1304 seu
840 1243 1161 1305 electionis
1180 1261 1373 1322 quam
1394 1243 1683 1315 includit;

128 1339 247 1394 tum
286 1336 484 1396 etiam
512 1337 659 1416 quia
689 1337 739 1397 si
768 1337 852 1397 ita
879 1338 1045 1397 Deus
1076 1353 1153 1398 ex
1176 1354 1243 1397 se
1271 1335 1691 1416 proedefiniret

126 1435 421 1489 oeternam
467 1430 961 1504 damnationem,
1000 1431 1159 1492 sicut
1206 1449 1475 1510 regnum
1514 1437 1689 1492 aeter·

130 1541 291 1594 num,
318 1523 409 1583 ita
438 1523 522 1584 ad
548 1541 693 1584 eum
724 1525 1067 1602 pertineret
1092 1523 1421 1604 providere
1454 1522 1533 1585 de
1561 1541 1690 1584 me-

128 1616 231 1676 diis
272 1618 673 1678 necessariis,
706 1619 835 1679 Nec
873 1619 1075 1696 magis
1120 1623 1525 1698 repugnaret,
1554 1636 1690 1679 me-

132 1710 241 1782 dia,
280 1729 477 1788 quam
514 1711 702 1772 talem
732 1710 947 1786 finem,
982 1711 1211 1774 cadere
1239 1711 1359 1772 sub
1386 1710 1687 1773 directam

132 1803 529 1864 intentionem
558 1805 689 1868 Dei.

201 1897 257 1955 6.
290 1895 629 1960 Distinotio
650 1897 986 1962 volwntatis
1011 1897 1237 1961 divinar
1262 1898 1331 1960 in
1348 1898 1689 1961 anteceden-

136 1994 235 2052 tem
264 1991 321 2050 et
358 1995 805 2071 consequentem
825 1993 1083 2054 breviter
1104 1991 1687 2072 exponitm.—Dico

137 2089 351 2153 autem,
376 2082 427 2142 si
449 2101 529 2144 ex
548 2101 613 2144 se
635 2085 803 2146 Deus
822 2085 887 2145 id
906 2084 1093 2146 vellet
1109 2084 1417 2156 absolute,
1440 2103 1514 2144 ac
1532 2101 1689 2162 prae-

136 2177 359 2248 finiret3
408 2177 559 2256 quia
596 2176 767 2256 quod
809 2178 873 2238 id
912 2177 1061 2238 velit
1098 2179 1279 2256 quasi
1318 2183 1573 2238 coactus
1612 2195 1691 2238 ex

138 2269 389 2328 hominis
418 2270 629 2348 culpa,
672 2269 737 2330 id
774 2289 903 2332 non
942 2271 1151 2332 solum
1180 2289 1311 2332 non
1348 2275 1682 2350 repugnat,

138 2381 335 2423 verum
363 2369 459 2424 est
482 2365 752 2426 maxime
782 2370 1277 2426 consentaneum
1308 2364 1531 2426 divina».
1555 2365 1687 2443 jus-
1720 2365 1725 2370 ’

136 2457 301 2528 titiae;
354 2463 415 2518 et
450 2456 573 2518 boc
613 2459 803 2520 modo
837 2458 991 2520 dixit
1024 2459 1368 2521 Concilium
1412 2458 1687 2520 Valenti—

135 2568 295 2622 num,
326 2549 527 2612 Deum
567 2551 1014 2630 praedestinare
1044 2554 1290 2632 aliquos
1318 2553 1400 2614 ad
1428 2553 1687 2614 damna-

136 2644 353 2703 tionem
392 2649 457 2704 et
494 2649 761 2705 mortem
804 2663 882 2706 ex
910 2664 1129 2707 eorum
1172 2646 1376 2726 culpa.
1424 2647 1500 2706 Et
1536 2652 1685 2706 tunc

130 2737 251 2814 jam
278 2735 456 2815 culpa
484 2755 613 2797 non
645 2745 739 2799 est
762 2740 1017 2818 proprie
1042 2740 1323 2801 medium
1350 2739 1432 2799 ad
1456 2757 1683 2800 execu-

136 2829 353 2888 tionem
384 2829 547 2890 illius
576 2830 799 2892 divinae
825 2833 1183 2906 voluntatiS,
1224 2831 1337 2894 sed
1364 2838 1459 2894 est
1485 2837 1685 2892 mate-

138 2923 219 2981 ria
260 2923 413 2984 circa
458 2941 649 3002 quam
680 2925 852 3003 justa
897 2927 1003 2986 illa
1045 2927 1335 2988 voluntas
1372 2931 1679 2988 versatur.

140 3021 323 3094 Atque
368 3019 485 3078 hac
528 3019 769 3080 ratione
812 3020 1046 3099 optime
1098 3021 1506 3082 confirmatur
1552 3021 1685 3082 haec

138 3111 347 3171 veritas
386 3113 507 3173 illis
542 3114 913 3176 testimoniis
952 3116 1309 3196 Scripturas,
1354 3116 1420 3178 in
1458 3116 1687 3195 quibus

142 3203 273 3264 dicit
314 3206 477 3265 Deus
522 3224 591 3267 se
636 3206 801 3267 nolle
852 3212 1121 3269 mortem
1170 3210 1564 3288 peccatoris;
1624 3215 1687 3270 et

142 3296 291 3373 quod
332 3303 599 3359 mortem
638 3317 768 3360 non
814 3298 958 3362 fecit
982 3347 998 3373 ‚
1054 3320 1175 3363 nec
1224 3300 1570 3363 delectatur
1620 3302 1684 3363 in

144 3389 465 3467 perditione
504 3392 911 3454 morientium
945 3412 959 3452 ε
1004 3394 1139 3455 baec
1169 3395 1335 3455 enim
1368 3394 1577 3456 omnia
1605 3395 1687 3455 si-

150 3482 417 3561 gnificant
449 3486 653 3545 Deum
682 3504 760 3547 ex
799 3504 869 3548 se
898 3488 1031 3549 haec
1058 3506 1186 3549 non
1220 3487 1491 3549 voluisse
1512 3534 1529 3561 ,
1574 3487 1689 3548 sed

150 3576 349 3637 nostris
394 3578 637 3639 actibus
684 3585 746 3641 et
800 3581 1009 3657 pravis
1062 3581 1301 3641 meritis
1350 3581 1681 3642 irritatum.

150 3670 323 3747 Atque
350 3671 469 3733 hoc
494 3672 683 3733 modo
708 3673 984 3735 distinxit
1012 3676 1458 3747 DamascenuS,
1484 3674 1591 3736 lib.
1620 3676 1682 3747 2,

150 3780 269 3840 cap.
310 3766 419 3839 26,
456 3766 843 3828 voluntatem
890 3768 1165 3829 divinam
1207 3768 1273 3827 in
1312 3767 1690 3829 anteceden-

152 3861 261 3915 tem
294 3863 351 3917 et
370 3866 883 3937 consequentem,
919 3878 1113 3939 quam
1145 3861 1335 3921 etiam
1362 3860 1691 3943 beneplaci-

156 3954 263 4011 tum
282 3951 382 4011 Dei
416 3953 714 4032 appellat..
758 3956 1185 4033 prioremque,
1222 3955 1479 4030 scilicet,
1517 3961 1689 4015 ante-

157 4042 484 4122 cedentem,
516 4046 605 4107 ait
634 4047 867 4109 habere
896 4050 1099 4109 Deum
1130 4067 1207 4109 ex
1241 4067 1333 4121 se,
1379 4054 1439 4107 et
1476 4066 1590 4126 per
1618 4048 1687 4107 il-

158 4134 261 4195 lam
292 4138 443 4199 velle
484 4140 813 4201 hominum
850 4141 1140 4215 salutem,
1186 4142 1333 4218 quia
1368 4158 1501 4201 non
1540 4158 1685 4219 sup-

160 4228 293 4306 plicii
314 4237 419 4291 aut
444 4233 755 4294 cruciatus
786 4250 998 4306 causa,
1026 4250 1245 4295 verum
1270 4238 1338 4295 ut
1364 4233 1557 4311 ipsius
1582 4234 1689 4294 bo·-

162 4322 337 4383 nitatis
361 4325 695 4404 participes
725 4344 1007 4387 essemus
1026 4372 1043 4399 ,
1079 4344 1196 4387 nos
1224 4326 1479 4387 effinxit.
1540 4327 1689 4387 Pos-

164 4416 416 4477 teriorem
458 4435 609 4479 vero
646 4418 735 4479 ait
774 4438 912 4481 esse
949 4419 1145 4490 illam,
1189 4437 1314 4498 qua
1351 4420 1519 4480 Deus
1554 4419 1691 4482 vult

165 4507 445 4571 hominem
468 4511 716 4590 punire,
750 4530 889 4591 quae
916 4530 995 4573 ex
1023 4513 1219 4591 ipsius
1246 4512 1517 4573 hominis
1544 4513 1687 4574 vitio

167 4602 359 4675 oritur-3
404 4609 466 4664 et
512 4604 659 4665 ideo
712 4622 1110 4683 consequens
1161 4605 1405 4666 dicitur.
1456 4606 1529 4667 Et
1568 4608 1687 4667 hoc

166 4693 334 4771 ipsum
360 4697 645 4776 estquod
684 4698 835 4759 dixit
860 4700 1365 4777 chrysostomu8‚
1400 4700 1618 4761 homil.
1652 4703 1689 4761 3

169 4786 217 4846 in
238 4789 445 4852 Genes.
480 4809 494 4851 :
528 4791 793 4872 Propter
814 4792 941 4863 hoo,
976 4790 1039 4852 id
1068 4797 1183 4867 est,
1212 4798 1469 4872 propter
1494 4792 1692 4854 felici-

170 4884 346 4958 tatem,
372 4902 479 4948 ποι
510 4885 819 4965 formavit,
852 4901 975 4946 non
1012 4890 1086 4947 ut
1112 4903 1451 4966 pereamus,
1495 4904 1601 4949 mc
1620 4891 1691 4948 ut

171 4976 447 5055 suppliciis
472 4996 583 5040 nos
619 4982 896 5059 torqueat
923 5023 939 5052 ,
982 4980 1091 5041 aed
1112 4984 1185 5043 ut
1206 4996 1317 5041 nos
1344 4978 1561 5042 salvet.
1610 4981 1689 5041 At

172 5066 212 5125 si
232 5070 405 5145 Deua,
429 5070 716 5132 absoluta
736 5072 1053 5133 voluntate
1076 5089 1153 5131 ex
1172 5089 1262 5144 se,
1292 5078 1355 5133 et
1378 5072 1513 5133 sine
1532 5091 1689 5151 proe-

171 5159 279 5220 visa
302 5163 470 5243 culpa
494 5164 769 5225 hominis
796 5164 1059 5245 alicujus
1078 5210 1095 5238 ,
1138 5182 1285 5225 eum
1310 5164 1691 5225 decrevisset

172 5251 225 5311 in
245 5260 523 5317 veternum
556 5257 783 5336 punire
806 5303 825 5333 ‚
865 5258 1053 5337 plane
1090 5256 1392 5319 dicendus
1432 5262 1597 5317 esset
1624 5256 1691 5316 in

174 5344 313 5409 hunc
350 5348 535 5411 finem
572 5370 720 5413 eum
761 5370 973 5413 creare
1000 5396 1015 5425 ,
1058 5356 1131 5411 ut
1166 5350 1231 5411 in
1278 5369 1355 5411 eo
1402 5349 1693 5411 ostendat

173 5440 433 5516 justitiam
462 5462 676 5517 suam3
710 5464 827 5507 nec
856 5448 1067 5525 posset
1094 5444 1213 5505 dici
1238 5462 1315 5505 ex
1346 5461 1413 5504 se
1440 5443 1601 5504 velle
1626 5443 1694 5502 il-

178 5532 289 5594 lum
312 5536 563 5615 salvare,
592 5538 1101 5619 quandoquidem
1130 5556 1205 5599 ex
1234 5556 1303 5599 se
1333 5538 1466 5598 solo
1492 5538 1694 5598 effica-

3213 394 3330 456 125

1770 497 2016 559 cissime
2040 499 2174 560 vult
2198 499 2374 561 illum
2401 499 2722 562 damnare.
2767 501 2842 561 Et
2870 499 3012 560 ideo
3043 499 3332 580 Augusti-

1768 609 1887 651 nus
1912 635 1927 662 ,
1983 592 2068 652 ad
2123 592 2364 654 articul.
2417 592 2536 652 sibi
2569 592 2678 653 fal.
2729 591 3001 670 imposit.
3037 636 3054 665 ,
3107 593 3332 654 articu-

1768 683 1829 744 lo
1866 685 1939 744 3:
1977 683 2192 760 Nemo,
2233 686 2341 758 ait,
2383 705 2422 750 a
2449 687 2574 749 Deo
2593 689 2833 748 creatus
2857 691 2946 748 est
2965 691 3036 748 ut
3057 686 3288 765 periret
3307 709 3335 757 ,-

1772 782 1835 839 et
1859 778 2024 840 hanc
2049 779 2374 844 veritatem
2407 797 2574 859 saepe
2619 777 2704 839 ibi
2733 778 2916 840 docet
2939 823 2954 852 ,
2989 780 3334 858 praesertim

1770 871 2014 932 articul.
2047 876 2109 946 7,
2143 873 2240 946 12,
2273 875 2372 945 13,
2404 875 2480 934 15
2509 876 2572 934 et
2603 872 2700 934 16.
2743 871 2946 946 Unde,
2978 873 3085 933 lib.
3119 873 3158 932 3
3187 891 3333 934 con-

1768 967 1866 1024 tra
1910 964 2253 1038 sulianum,
2299 975 2438 1044 cap.
2489 966 2611 1026 18:
2662 965 2898 1039 Potest,
2943 965 3050 1038 ait,
3097 965 3335 1046 aliquos

1768 1057 1899 1120 sine
1949 1059 2118 1120 bonis
2159 1057 2398 1122 meo-itis
2439 1058 2716 1130 liberare,
2765 1058 2912 1136 quia
2953 1059 3158 1119 bonus
3211 1064 3330 1132 est,

1767 1167 1887 1212 non
1909 1155 2108 1232 potest
2127 1150 2364 1231 aliquos
2391 1152 2522 1214 sim
2545 1151 2731 1214 malis
2753 1151 2993 1214 moritis
3021 1151 3330 1226 damnare,

1768 1242 1913 1324 quia
1925 1245 2140 1322 justus
2172 1247 2282 1307 est.
2320 1244 2496 1304 Idem
2529 1244 2816 1322 Prosper,
2859 1242 2940 1303 ad
2969 1243 3152 1323 capit.
3189 1243 3334 1306 Gal-

1769 1336 1885 1396 lor.
1912 1381 1929 1409 ‚
1972 1337 2316 1415 praesertim
2345 1335 2592 1397 duobus
2621 1335 2852 1396 ultimis
2891 1337 3218 1416 capitibus,
3245 1337 3334 1397 la-

1772 1428 2009 1490 tissime
2041 1436 2104 1491 et
2127 1429 2593 1502 efficacissime3
2627 1429 3012 1509 Fulgentius,
3049 1429 3156 1490 lib.
3187 1433 3216 1490 1
3250 1428 3332 1490 ad

1769 1523 2026 1584 Monim.
2049 1569 2065 1598 ,
2113 1523 2218 1584 ubi
2247 1523 2462 1603 plures
2487 1523 2762 1584 rationes
2799 1522 3014 1597 affert,
3058 1541 3200 1602 quae
3227 1541 3334 1584 su-

1770 1617 1998 1696 periori
2031 1618 2230 1697 capite
2257 1618 2586 1678 insinuatae
2613 1621 2780 1677 sunt.

1855 1710 2010 1784 Quot
2061 1715 2120 1774 et
2165 1729 2298 1792 quoe
2336 1711 2468 1774 sint
2519 1709 2743 1789 objecta
2780 1708 3332 1791 proedeetinationis

1768 1804 1992 1866 divinoe
2027 1821 2101 1866 ea>
2129 1802 2564 1886 praedictorum
2603 1801 2870 1865 Patrwm
2903 1802 3223 1866 sententia.
3251 1833 3332 1850 —

1769 1897 2000 1958 Omnes
2049 1915 2198 1977 ergo
2241 1897 2307 1957 hi
2349 1895 2562 1958 Patres
2617 1895 2682 1956 in
2725 1897 2843 1956 hoc
2885 1896 3140 1957 tandem
3185 1914 3332 1958 con-

1770 1991 2066 2064 sentiunt,
2103 1990 2489 2050 voluntatem
2530 1989 2641 2050 Dei
2673 1988 3332 2068 praedeterminantem

1772 2103 1885 2146 scu
1910 2083 2448 2161 praedefinientem
2487 2085 2733 2144 tautum
2771 2100 2934 2156 esse,
2981 2088 3090 2142 aut
3123 2082 3190 2144 in
3217 2083 3332 2144 bo-

1767 2178 1866 2238 nis
1890 2195 2030 2255 quoe
2063 2195 2140 2237 ex
2167 2175 2594 2237 misericordia
2621 2174 2885 2250 confert,
2919 2181 3030 2236 aut
3061 2176 3126 2235 in
3149 2175 3332 2238 malis

1766 2287 1994 2350 poenae,
2023 2287 2158 2347 quae
2193 2289 2268 2330 ex
2292 2269 2532 2349 justitia
2561 2268 2851 2348 rependit
2875 2288 2892 2342 ;
2934 2269 3084 2348 quia
3110 2287 3332 2330 omnes

1766 2364 1880 2424 viae
1926 2363 2174 2424 Domini
2202 2360 2628 2424 misericordia
2661 2367 2724 2423 et
2759 2362 2986 2424 veritas
3018 2381 3032 2421 z
3061 2381 3206 2424 cum
3235 2381 3334 2424 er·—

1767 2475 1847 2537 go
1872 2456 2202 2536 praefinitio
2229 2461 2292 2516 et
2309 2455 2663 2536 praeelectio
2683 2455 2952 2516 hominis
2971 2455 3052 2516 ad
3069 2456 3334 2516 damna-

1766 2553 2002 2613 tionem
2039 2555 2340 2611 oeternam
2379 2567 2510 2610 non
2553 2548 2632 2609 sit
2669 2565 2828 2627 opus
2861 2548 3328 2622 misericordiae,

1766 2650 1835 2704 ut
1862 2663 1978 2722 per
2005 2661 2074 2704 se
2101 2642 2502 2704 manifestum
2535 2646 2650 2714 est,
2683 2659 2812 2701 non
2839 2647 2936 2702 est
2957 2642 3020 2701 in
3049 2642 3182 2702 Deo
3211 2641 3330 2702 nisi

1764 2743 2078 2817 quatenus
2117 2742 2214 2796 est
2251 2741 2428 2796 actus
2456 2734 2749 2813 justitiam
2785 2739 2847 2795 et
2895 2734 3037 2797 ideo
3071 2752 3330 2796 necesse

1766 2837 1859 2892 est
1884 2837 1956 2890 ut
1981 2829 2232 2909 culpam
2271 2829 2602 2908 praevisam
2631 2833 2963 2908 supponat,
2995 2845 3188 2907 quam
3215 2847 3334 2908 pu-

1762 2923 2062 2984 niendam
2097 2927 2328 2984 statuat
2367 2940 2380 2982 :
2416 2927 2480 2984 et
2526 2922 2692 2982 hanc
2737 2939 2874 2982 csse
2921 2920 3044 2983 divi
3077 2923 3330 2984 Thomoe

1767 3017 2146 3078 sententiam
2171 3061 2185 3088 ,
2235 3016 2424 3076 etiam
2488 3015 2775 3076 moderni
2833 3015 3164 3076 Themistae
3223 3015 3332 3076 do-

1766 3116 1930 3171 cent.
1968 3109 2114 3182 Quae
2157 3116 2370 3171 autem
2399 3108 2479 3169 sit
2523 3108 2654 3171 hoec
2695 3108 2902 3188 culpa,
2935 3115 2997 3171 et
3025 3109 3147 3170 alia
3186 3126 3328 3189 quas

1766 3202 1849 3265 ad
1912 3203 2384 3283 profundiorem
2441 3202 2626 3281 hujus
2693 3204 2786 3263 rei
2845 3202 3330 3265 declarationem

1766 3298 2080 3378 pertinere
2109 3304 2395 3376 possunt,
2427 3314 2556 3357 non
2597 3300 2744 3358 sunt
2781 3297 2928 3357 huic
2953 3297 3091 3358 loco
3117 3314 3330 3359 neces-

1768 3390 1966 3464 saria;
1995 3397 2058 3452 et
2097 3390 2240 3452 ideo
2275 3391 2410 3451 haec
2440 3390 2716 3470 attigisse
2747 3390 3014 3451 sufficiat
3032 3390 3326 3469 (BanneS,

1770 3488 1799 3545 1
1834 3503 1925 3564 p.‚
1962 3503 2024 3563 q.
2064 3485 2162 3557 13,
2197 3503 2254 3545 a.
2287 3486 2346 3557 5,
2371 3483 2521 3545 dub.
2551 3484 2692 3557 ult.,
2725 3483 2808 3545 ad
2830 3484 2916 3563 2).

1774 3692 2000 3756 Teo-tice
2045 3690 2388 3771 objectionis
2425 3691 2728 3755 occasione
2763 3690 2974 3774 ayitwr
3019 3693 3088 3756 de
3124 3707 3332 3775 repro·-

2303 3780 2561 3847 battonis
2593 3802 2798 3847 causa.

1853 3960 1913 4019 7.
1962 3958 2057 4019 Ad
2095 3956 2344 4017 tertiam
2396 3974 2545 4035 ergo
2597 3956 3038 4035 objectionem,
3095 3957 3162 4017 in
3205 3974 3330 4037 qua

1768 4050 2101 4129 inquiritur
2146 4048 2604 4128 reprobationis
2643 4066 2855 4122 causa,
2901 4050 2952 4109 si
2991 4050 3069 4110 sit
3121 4068 3330 4111 sermo

1768 4144 1847 4205 de
1874 4142 2316 4223 reprobatione
2345 4142 2628 4221 positiva,
2677 4160 2818 4220 quae
2857 4141 3118 4203 includit
3147 4144 3332 4205 abso—

1768 4236 1968 4297 lutam
1989 4281 2004 4310 ,
2051 4234 2372 4297 efficacem
2413 4250 2487 4295 ac
2523 4234 2854 4313 positivam
2888 4236 3002 4296 Dei
3045 4237 3334 4297 volunta-

1768 4340 1899 4391 tem
1929 4327 2298 4389 excludendi
2325 4326 2598 4405 aliquem
2624 4346 2662 4387 a
2684 4345 2903 4407 regno,
2923 4328 3217 4407 neganda
3237 4333 3334 4391 est

1768 4421 2110 4503 propositio
2147 4421 2234 4482 ibi
2283 4425 2626 4498 assumpta,
2675 4420 2940 4494 scilicet,
2983 4422 3184 4483 solam
3221 4442 3334 4485 vo-

1769 4517 2080 4577 luntatem
2101 4514 2216 4575 Dei
2248 4514 2382 4574 sine
2413 4512 2538 4572 ulla
2567 4513 2808 4573 ratione
2831 4531 2911 4573 ex
2933 4520 3110 4594 parte
3135 4516 3334 4577 homi-

1768 4608 1867 4669 nis
1900 4626 2038 4669 esse
2075 4623 2331 4667 causam
2357 4605 2546 4684 hujus
2572 4605 3062 4684 reprobationis;
3101 4626 3334 4689 suppo-

1768 4701 1940 4763 nitur
1967 4700 2136 4761 enim
2173 4698 2432 4780 praevisa
2477 4698 2659 4777 culpa
2704 4699 2994 4775 hominis,
3047 4707 3110 4763 et
3147 4704 3334 4781 perti-

1768 4796 1952 4855 nacia
1977 4810 2091 4854 seu
2121 4792 2364 4853 duratio
2389 4792 2456 4851 in
2483 4790 2586 4852 illa
2609 4809 2810 4871 usque
2840 4791 2921 4853 ad
2947 4797 3236 4868 mortem,
3271 4801 3336 4856 et

1770 4893 2026 4967 propter
2056 4886 2230 4947 illam
2267 4885 2526 4946 tandem
2556 4886 2947 4964 reprobatur.
2981 4886 3058 4947 Et
3082 4889 3202 4948 hoc
3227 4888 3334 4949 do-

1768 4986 1913 5043 cent
1941 4986 2154 5059 aperte
2187 4977 2530 5040 Concilium
2565 4978 2964 5039 Valentinum
2991 4987 3054 5042 et
3081 4981 3186 5041 alii
3222 4982 3332 5042 Pa-

1768 5080 1896 5135 tres
1937 5074 2130 5145 citati,
2183 5076 2246 5133 et
2288 5071 2605 5132 innumeri
2653 5071 2756 5133 alii
2797 5090 2958 5150 quos
3011 5072 3332 5134 brevitatis

1772 5184 1962 5228 causa
1983 5165 2219 5227 omitto.
2247 5164 2310 5226 Si
2329 5169 2542 5225 autem
2571 5182 2778 5225 sermo
2805 5165 2884 5225 sit
2907 5164 2986 5225 de
3017 5184 3145 5226 non
3173 5166 3334 5228 elec-

1771 5260 1965 5333 tione,
2001 5276 2194 5337 quam
2227 5256 2514 5319 nonnulli
2539 5256 3050 5336 reprobationem
3089 5258 3334 5337 negati-

1770 5370 1917 5413 vam
1944 5358 2190 5425 vocant,
2217 5352 2306 5412 sic
2335 5369 2558 5413 verum
2583 5356 2680 5411 est
2701 5366 2958 5411 causam
2995 5348 3158 5409 illius
3191 5368 3330 5413 esse

1774 5444 1972 5507 solam
2000 5445 2114 5506 Dei
2147 5444 2553 5517 voluntatem,
2581 5442 2754 5505 nulla
2792 5447 3118 5521 expectata
3141 5460 3332 5503 causa

1776 5558 1853 5601 ex
1879 5544 2056 5618 parte
2081 5538 2373 5599 hominis
2405 5538 2584 5609 Nam,
2613 5536 2770 5597 sicut
2801 5552 3018 5596 verum
3045 5540 3162 5609 est,
3187 5542 3332 5599 ante
