3850 6225
678 423 815 476 CAP.
850 423 933 476 w.
968 421 1184 476 omNssn
1216 425 1530 478 Aevom!
1564 425 1974 492 VOLUNTATIS,
2008 429 2278 484 TAMETSl
2311 431 2599 494 LIBERAM.
2636 435 2772 486 E'rc,

113 524 271 584 circa
300 523 471 604 quod
503 526 645 588 talis
672 526 832 587 actio
860 533 1165 587 versatur.
1198 527 1310 588 Hic
1335 527 1503 588 enim
1530 544 1675 588 con-

110 637 325 680 cursus
376 620 531 680 nihil
562 619 866 682 voluntati
905 620 1169 697 confert,
1207 638 1333 699 quo
1374 620 1455 681 ad
1483 637 1673 700 agen·

112 712 259 773 dum
271 714 547 792 juvetur,
565 713 913 789 inclinetur,
948 717 1057 774 aut
1085 713 1496 788 confortetur-3
1522 713 1671 793 qnia

112 825 222 884 per
248 808 411 868 hanc
448 807 759 870 actionem
789 826 917 867 non
941 808 1335 868 constituitur
1376 807 1669 868 voluntas

112 898 175 958 in
206 905 345 961 actu
378 900 605 981 primo,
638 901 753 962 sed
786 901 855 961 in
884 908 1025 962 actu
1070 901 1380 974 secund03
1417 907 1478 962 et
1523 901 1667 962 idco

117 994 401 1074 supponit
428 995 491 1054 in
526 995 848 1058 voluntate
878 995 1182 1076 quidquid
1213 993 1297 1056 ad
1323 993 1666 1076 agendum,

113 1087 533 1149 necessarium
561 1091 675 1150 est.

260 1270 521 1352 objectio
586 1273 859 1354 quedam
901 1273 1191 1338 adversus
1224 1271 1523 1356 proediota

684 1366 1075 1449 proponitur.

196 1553 253 1610 7.
302 1549 639 1615 Εποᾱατιιν.
662 1581 747 1598 -
768 1548 945 1614 Actio
998 1551 1207 1615 divina
1237 1555 1437 1634 potest
1475 1551 1671 1632 accipi

116 1643 453 1724 dupliciter.
476 1644 780 1706 -Dicesz
814 1645 947 1704 hoec
978 1645 1139 1706 actio
1172 1647 1267 1707 est
1294 1645 1551 1706 effectus
1582 1643 1671 1706 di-

112 1738 265 1796 vinae
296 1737 555 1798 actionis
587 1757 604 1810 ;
652 1756 802 1818 ergo
832 1755 1091 1798 necesse
1131 1743 1224 1800 est
1264 1744 1332 1799 ut
1363 1755 1479 1817 per
1520 1737 1671 1799 divi-

112 1849 255 1892 nam
285 1831 597 1892 actionem
630 1831 867 1910 aliquid
889 1833 1189 1912 praevium
1221 1831 1331 1894 fiat
1358 1832 1421 1892 in
1448 1832 1673 1893 volun-

111 1929 255 1999 tate,
296 1942 420 2002 quo
446 1925 527 1985 ad
558 1925 865 1985 actionem
897 1943 1077 1986 suam
1108 1926 1479 1988 eliciendam
1506 1943 1673 1987 com-

111 2019 355 2098 pleatur
394 2023 503 2080 aut
535 2020 811 2098 juvetur.
848 2020 1243 2081 Antecedens
1292 2025 1500 2099 patet,
1534 2025 1669 2081 tum

110 2112 255 2191 quia
289 2112 448 2174 actio
492 2118 791 2174 creaturae
821 2113 1055 2193 pendet
1093 2132 1171 2174 ex
1215 2114 1460 2176 actione
1511 2113 1664 2188 Dei;

111 2224 259 2284 ergo
301 2211 395 2268 est
416 2207 673 2268 effectus
709 2207 885 2288 ejus;
923 2213 1052 2268 tum
1088 2209 1277 2269 etiam
1318 2208 1467 2287 quia
1511 2206 1669 2268 actio

108 2298 221 2358 Dei
264 2304 357 2359 est
384 2299 553 2379 prior
597 2306 820 2361 natura
864 2317 1055 2379 quam
1108 2300 1267 2364 actio
1322 2308 1666 2374 creaturae;

110 2411 259 2472 ergo
291 2397 385 2454 est
425 2411 617 2454 causa
646 2394 805 2474 ejus».
856 2393 1061 2454 Prima
1106 2412 1256 2456 vero
1284 2411 1674 2474 consequen-

106 2486 193 2546 tia
222 2485 545 2563 probatur,
580 2487 727 2566 quia
784 2486 945 2548 actio
973 2505 1101 2548 non
1130 2492 1338 2566 potest
1378 2505 1517 2548 esse
1562 2487 1675 2547 im·

106 2579 381 2640 mediata
410 2598 599 2640 causa
629 2581 930 2653 actionis3
962 2580 1132 2659 quia,
1176 2586 1247 2642 ut
1274 2599 1465 2660 supra
1504 2581 1674 2642 dice-

107 2673 278 2749 ham,
320 2673 399 2733 ad
436 2674 749 2736 actionem
772 2692 900 2734 non
932 2681 1026 2736 est
1054 2673 1242 2747 actio;
1305 2692 1457 2754 ergo
1495 2693 1677 2754 opor-

112 2771 197 2826 tet
218 2771 286 2827 ut
312 2767 391 2827 sit
422 2784 613 2827 causa
637 2767 796 2848 ejuS,
823 2766 1200 2829 conferendo
1225 2767 1502 2829 facultati
1526 2785 1675 2847 ope-

108 2858 319 2921 rativae
350 2859 585 2938 aliquid
612 2860 917 2940 praevium
946 2859 1026 2920 ad
1056 2859 1227 2921 illam
1257 2860 1587 2922 actionem.

191 2953 539 3034 Improprie
581 2953 811 3017 dicitur
864 2952 1155 3017 actionem
1200 2959 1493 3018 oreatwroe
1528 2971 1675 3035 pen-

116 3045 249 3108 dere
279 3047 348 3108 ab
375 3047 605 3110 actione
638 3046 866 3109 divina.
888 3047 1420 3127 —Respondetur
1444 3065 1523 3107 ex
1561 3046 1674 3107 Ca-

109 3139 353 3219 preolo,
393 3140 459 3199 in
486 3142 545 3213 2,
572 3140 632 3200 d.
666 3143 723 3213 1,
756 3158 871 3219 per
896 3139 1169 3201 divinam
1204 3141 1513 3201 actionem
1530 3157 1677 3219 pos-

108 3252 177 3294 se
203 3232 484 3313 intelligi,
510 3232 610 3295 vel
639 3238 849 3294 actum
876 3232 959 3293 ad
982 3233 1164 3307 intra,
1198 3228 1303 3313 qui
1336 3238 1430 3294 est
1456 3232 1673 3294 volun-

106 3333 204 3389 tas
250 3328 409 3406 eju5‚
444 3345 585 3407 quae
611 3344 741 3388 non
792 3332 887 3389 est
918 3328 1169 3407 propria
1210 3328 1395 3403 actio,
1428 3327 1539 3389 sed
1568 3344 1674 3387 ac-

100 3426 207 3482 tus
228 3421 579 3482 immanens
609 3422 673 3481 in
700 3422 853 3495 Dec,
870 3440 989 3482 nec
1020 3426 1419 3501 comparatur
1446 3421 1525 3482 ad
1552 3428 1673 3483 ter-

100 3516 348 3577 minum
390 3515 474 3577 ad
514 3521 688 3577 extra
716 3515 1093 3595 productum
1115 3563 1136 3592 ,
1168 3522 1239 3577 ut
1273 3516 1525 3596 propria
1571 3515 1672 3576 via

102 3608 191 3669 ad
219 3608 393 3669 illum
415 3653 431 3682 ,
463 3608 577 3670 sed
606 3608 815 3689 potius
862 3616 933 3671 ut
980 3609 1356 3689 principium
1389 3608 1618 3689 agendi
1650 3652 1667 3684 ,

104 3720 227 3762 seu
270 3706 340 3761 ut
382 3702 707 3783 applicans
752 3701 879 3762 vim
927 3701 1157 3780 agendi
1203 3701 1499 3775 divinam,
1533 3718 1673 3780 quae

108 3801 209 3855 est
246 3794 379 3873 ipsa
409 3794 859 3874 omnipotentia
890 3796 1038 3867 Dei;
1068 3794 1191 3869 vel,
1221 3813 1335 3874 per
1362 3794 1672 3855 actionem

108 3887 420 3963 divinam,
470 3888 835 3969 intelligitur
860 3888 1023 3949 actio
1052 3888 1135 3949 ad
1184 3894 1356 3949 extra
1383 3893 1673 3969 respectu

110 3980 246 4055 Dei,
300 3998 439 4061 quae
476 3987 575 4043 est
622 3983 785 4043 actio
834 3988 1085 4062 recepta
1122 3982 1189 4043 in
1230 3988 1555 4055 creatura,
1613 3986 1677 4042 et

108 4080 209 4135 est
238 4074 489 4153 propria
528 4076 629 4135 via
678 4075 760 4136 ad
790 4074 1083 4137 effectum
1109 4093 1183 4137 ac
1206 4076 1543 4136 terminum
1572 4092 1675 4135 ac-

106 4167 299 4227 tionis
348 4185 551 4228 causae
599 4168 913 4241 secundm,
967 4173 1029 4228 et
1072 4166 1513 4246 dependentia,
1550 4184 1675 4245 qua

103 4259 256 4319 talis
294 4258 550 4321 effectus
581 4280 619 4321 a
638 4263 766 4323 Deo
806 4266 876 4322 ut
907 4280 946 4322 a
969 4278 1151 4321 causa
1187 4261 1391 4341 prima
1417 4260 1671 4340 pendet.

108 4353 293 4414 Prior
316 4372 537 4414 sensus
578 4356 729 4417 satis
784 4360 878 4416 est
913 4355 1315 4434 improprius»,
1356 4354 1503 4433 quia
1530 4400 1549 4429 ,
1606 4360 1679 4415 ut

108 4446 267 4519 dixi,
311 4447 522 4508 volitio
555 4448 669 4509 Dei
698 4466 829 4510 non
856 4454 949 4509 est
976 4448 1137 4509 actio
1167 4467 1183 4520 3
1226 4453 1439 4509 tamen
1482 4448 1547 4507 in
1572 4446 1677 4508 illo

106 4556 335 4600 verum
354 4545 448 4602 est
472 4540 870 4614 antecedens,
902 4540 1156 4614 scilicet,
1184 4542 1491 4602 actionem
1512 4558 1681 4602 crea-

110 4640 274 4694 turae
319 4650 456 4694 esse
504 4632 800 4696 effectum
854 4633 1079 4695 divinae
1103 4632 1385 4707 actioniS,
1422 4651 1683 4715 genera-

106 4728 229 4788 tim
272 4724 557 4787 vocando
584 4726 876 4789 effectum
912 4726 1215 4806 quidquid
1245 4726 1327 4787 ab
1375 4728 1681 4789 efficiente

108 4818 412 4899 profluit;
466 4818 552 4879 sic
603 4820 773 4880 enim
813 4820 1002 4881 etiam
1058 4821 1217 4881 actio
1274 4826 1371 4881 est
1426 4818 1683 4883 effectus

110 4912 387 4993 agentis.
419 4912 490 4973 ln
528 4913 649 4973 hoc
688 4916 899 4973 autem
941 4931 1134 4974 sensu
1160 4920 1431 4991 negatur
1464 4932 1687 4976 conse-

112 5006 421 5085 quentia;
478 5022 627 5065 nam
654 5004 927 5084 ipsamet
973 5007 1133 5067 actio
1176 5007 1514 5069 voluntatis
1542 5052 1559 5082 ‚
1618 5012 1683 5069 et

108 5100 573 5179 cujuscumque
608 5115 817 5159 causae
846 5098 1165 5173 secundae,
1208 5100 1568 5162 immediate
1608 5118 1683 5161 ac

104 5210 234 5271 per
280 5210 349 5253 se
389 5196 607 5253 manat
644 5210 681 5251 a
736 5192 961 5253 virtute
1006 5192 1240 5267 activa,
1293 5210 1432 5271 quoe
1474 5200 1570 5255 est
1618 5194 1685 5254 in

106 5288 269 5359 Deo,
291 5291 354 5348 et
378 5288 837 5364 consequenter
856 5304 893 5345 a
918 5286 1234 5347 voluntate
1259 5287 1418 5366 ejus,
1451 5305 1527 5349 eo
1550 5306 1687 5349 mo-

108 5378 196 5441 do
234 5396 363 5458 quo
391 5378 660 5457 ipsamet
685 5378 975 5440 voluntas
1015 5385 1079 5441 et
1110 5384 1286 5440 actus
1327 5379 1463 5460 ejus
1501 5379 1688 5458 perti-

104 5477 227 5535 net
280 5472 362 5533 ad
400 5474 693 5533 virtutem
736 5474 1001 5534 activam
1041 5472 1177 5534 Dei.
1220 5472 1296 5535 Et
1326 5473 1447 5535 hoc
1499 5472 1688 5535 modo

106 5566 359 5627 utendo
408 5564 665 5627 nomine
728 5565 1013 5640 actionis,
1057 5570 1227 5629 recte
1267 5570 1479 5645 posset
1528 5564 1690 5627 actio

3237 429 3306 490 21

1756 529 1837 590 ab
1874 532 2116 592 actione
2163 551 2420 594 manare
2454 579 2468 607 ‚
2518 534 2772 608 scilicet,
2805 535 2963 596 actio
3005 535 3318 598 transiens

1753 622 1835 683 ab
1866 624 2276 686 immanente.
2320 626 2578 699 Quando
2617 629 2786 690 enim
2829 629 3054 690 dicitur
3082 628 3164 688 ad
3211 647 3318 689 ac-

1750 717 1986 778 tionem
2037 737 2165 779 non
2195 737 2333 780 esse
2372 719 2559 780 aliam
2591 721 2920 795 actionem,
2955 721 3321 801 intelligitur

1750 813 1828 873 de
1858 815 2126 893 propriis
2158 815 2504 876 acitonibus
2539 835 2801 896 quarum
2833 835 2962 877 una
2985 815 3065 877 sit
3107 816 3209 877 via
3237 817 3319 878 ad

1751 905 1964 980 aliam,
2008 913 2071 969 et
2100 908 2236 970 haec
2266 909 2345 969 sit
2379 910 2689 970 terminus
2737 909 2922 971 illius.
2974 909 3272 981 Quocirca
3299 955 3314 982 ,

1749 998 2066 1078 loquendo
2081 1003 2330 1082 proprie
2359 1002 2438 1064 de
2470 1004 2712 1065 actione
2743 1003 2824 1063 ad
2855 1009 3052 1075 extra,
3083 1020 3318 1082 negan-

1752 1091 1904 1153 dum
1958 1098 2050 1154 est
2103 1095 2522 1169 antecedens;
2570 1096 2730 1157 actio
2762 1097 2929 1158 enim
2980 1095 3317 1156 voluntatis

1750 1203 1878 1246 non
1913 1191 2009 1247 est
2037 1186 2296 1250 effectus
2339 1187 2562 1250 divinae
2592 1190 2874 1264 actioniS,
2917 1187 3030 1249 sed
3048 1188 3319 1267 ipsamet

1750 1284 1844 1340 est
1868 1279 2126 1341 effectus
2161 1280 2386 1343 divinae
2411 1282 2748 1344 voluntatis
2777 1301 2850 1344 ac
2882 1283 3123 1343 virtutis
3148 1300 3164 1354 ;
3200 1301 3318 1342 un·-

1746 1371 1827 1433 de
1854 1391 1985 1433 non
2011 1373 2244 1452 pendet
2273 1375 2433 1437 actio
2462 1381 2764 1438 creaturae
2804 1375 2884 1436 ab
2913 1375 3157 1436 actione
3176 1375 3314 1448 Dei,

1751 1464 1863 1526 sed
1896 1466 2134 1544 pendet
2165 1467 2327 1529 actio
2353 1474 2654 1530 creaturae
2685 1468 2926 1549 abipso
2954 1469 3084 1529 Deo
3105 1514 3120 1541 ‚
3152 1467 3316 1547 ejus-

1752 1575 1877 1637 que
1903 1559 2225 1621 voluntate
2265 1567 2328 1622 et
2353 1561 2654 1640 potentia,
2685 1580 2814 1622 non
2849 1579 2964 1641 per
2999 1561 3184 1622 aliam
3211 1579 3316 1622 ac-

1750 1651 1985 1712 tionem
2009 1652 2090 1713 ad
2121 1658 2318 1726 extra,
2349 1654 2460 1715 sed
2490 1654 2846 1716 immediate
2874 1673 2989 1735 per
3019 1653 3311 1736 seipsam,

1752 1743 1912 1806 sicut
1937 1745 2126 1807 etiam
2158 1747 2392 1826 pendet
2433 1765 2472 1808 a
2499 1746 2818 1810 voluntate
2852 1753 3060 1810 creata
3079 1793 3096 1823 ,
3141 1752 3248 1809 aut
3276 1765 3314 1808 a

1751 1857 1942 1900 causa
1968 1839 2266 1900 secunda.

1831 1935 1891 1994 8.
1938 1931 2110 1995 Actio
2149 1951 2350 1996 cau-ne
2397 1933 2615 2013 primoe
2688 1935 2772 1997 ad
2818 1939 2995 1998 extra
3054 1951 3174 1996 nou
3225 1943 3315 2000 esc

1740 2028 1922 2108 prior
1967 2027 2328 2092 causalitate
2373 2027 2604 2092 actione
2633 2029 2908 2092 secandae
2956 2047 3177 2102 causoe,
3211 2029 3319 2092 sed

1752 2121 1883 2184 alia
1915 2120 2573 2203 prioritate.—Cajet.,
2614 2125 2644 2183 1
2662 2127 2860 2204 part„
2893 2141 2954 2204 q.
2988 2125 3088 2197 Μ,
3117 2140 3177 2186 a.
3211 2123 3309 2196 13,

1752 2232 1810 2295 q.
1838 2215 1938 2287 19,
1972 2218 2096 2276 art.
2139 2215 2217 2287 83
2262 2213 2511 2291 Scottus,
2556 2216 2624 2278 in
2666 2219 2724 2291 l,
2766 2216 2824 2279 d.
2865 2215 2964 2288 39,
2999 2218 3060 2278 et
3080 2214 3312 2279 clarius

1752 2309 1821 2370 in
1856 2309 1917 2378 2,
1950 2309 2096 2372 dist.
2129 2309 2206 2368 37
2217 2334 2242 2382 ;
2280 2306 2663 2381 Aristoteles,
2697 2309 3188 2391 postproedi-oam.
3232 2309 3314 2369 22

1754 2401 1821 2464 de
1843 2399 2429 2480 priora-Denique
2459 2402 2581 2463 hoc
2618 2419 2810 2463 sensu
2837 2403 2996 2464 actio
3033 2401 3144 2462 Dei
3182 2419 3314 2462 non

1754 2499 1849 2554 est
1904 2493 2077 2573 prior
2139 2494 2383 2555 actione
2445 2499 2747 2556 creaturae
2789 2494 3041 2574 propria
3089 2493 3313 2573 priori-

1753 2589 1881 2648 tate
1946 2585 2323 2647 causalitatis
2343 2631 2364 2661 ,
2421 2591 2491 2646 ut
2549 2586 2736 2646 etiam
2787 2586 3118 2666 Cajetanus
3167 2602 3312 2646 cum

1754 2678 1966 2739 multis
2011 2676 2148 2738 aliis
2185 2678 2518 2756 Theologis
2561 2678 2790 2742 diserte
2837 2679 3082 2754 docuit;
3124 2679 3306 2757 quia,

1756 2789 1899 2832 cum
1927 2771 1994 2831 in
2037 2788 2105 2831 re
2135 2771 2213 2831 sit
2255 2771 2509 2831 omnino
2554 2771 2777 2832 eadem
2825 2771 3006 2845 actio,
3039 2761 3169 2832 non
3199 2789 3314 2850 po-

1754 2869 1876 2926 test
1903 2863 2139 2944 sibiipsi
2173 2881 2310 2926 esse
2341 2881 2555 2938 causa,
2582 2883 2700 2926 nec
2742 2865 2946 2944 seipsa
2971 2865 3162 2944 prior.
3193 2865 3314 2925 Ta-

1752 2975 1900 3019 men
1939 2963 2010 3019 ut
2056 2957 2296 3018 illamet
2351 2957 2511 3018 actio
2572 2957 2654 3018 ad
2689 2957 2848 3018 duas
2887 2975 3145 3031 causas,
3187 2957 3315 3036 pri-

1754 3069 1923 3113 mam
1959 3051 2194 3114 scilicet
2234 3055 2296 3113 et
2332 3051 2696 3125 secundam,
2742 3051 2889 3113 dicit
2931 3057 3310 3131 respectum,

1753 3146 1996 3207 ratione
2041 3164 2080 3205 a
2123 3144 2306 3205 nobis
2341 3144 2742 3226 distinguitur
2782 3145 3127 3207 secundum
3178 3145 3314 3205 illas

1750 3238 2189 3310 habitudines;
2229 3243 2288 3299 et
2318 3237 2439 3299 11οο
2478 3237 2666 3299 modo
2709 3238 2937 3301 dicitur
2976 3236 3312 3318 aliquando

1753 3348 1891 3391 esse
1914 3331 2086 3410 prior
2123 3335 2370 3402 natura,
2402 3334 2472 3391 ut
2507 3337 2601 3392 est
2632 3350 2670 3392 a
2709 3350 2901 3393 causa
2927 3331 3157 3411 prima;
3185 3347 3315 3390 non

1752 3424 2075 3504 prioritate
2109 3422 2515 3497 causalitatiS,
2554 3423 2667 3484 sed
2692 3422 2792 3486 vel
2819 3424 3141 3485 nobilitate
3166 3440 3317 3485 cau—

1753 3536 1838 3579 sae
1865 3517 2105 3597 primae,
2141 3534 2282 3596 quae
2315 3515 2517 3577 altiori
2545 3514 2735 3577 modo
2759 3523 2820 3579 et
2846 3516 3159 3593 nobiliori,
3186 3534 3317 3577 ma-

1754 3610 1976 3691 gisque
2027 3608 2490 3689 independente
2520 3609 2758 3683 inssuit;
2809 3610 2912 3672 vel
2953 3610 3100 3689 quia
3133 3610 3319 3670 intlu-

1751 3722 1869 3765 xus
1910 3719 2115 3764 causae
2165 3702 2380 3782 primae
2424 3702 2493 3763 in
2534 3702 2808 3781 quadam
2851 3701 3040 3783 priori
3076 3703 3317 3763 ratione

1751 3796 2074 3870 fundatum
2107 3801 2202 3857 est
2244 3795 2413 3856 enim
2458 3796 2850 3857 necessarius
2879 3796 3015 3876 ejus
3047 3796 3319 3856 influxus

1756 3910 1835 3953 ex
1858 3888 2143 3968 generali
2193 3888 2435 3950 ratione
2478 3889 2640 3950 entis
2679 3889 2907 3963 creati,
2957 3908 3096 3969 quae
3131 3890 3199 3950 in
3233 3888 3322 3950 ef·
3362 3938 3374 3949 .

1752 3984 1923 4046 fectu
1955 4000 2160 4044 causae
2191 3980 2483 4042 secundae
2516 3982 2861 4061 reperitur;
2890 4000 3080 4043 causa
3107 3988 3319 4043 autem

1756 4076 2032 4138 secunda
2079 4092 2330 4154 semper
2373 4073 2578 4135 influit
2630 4094 2708 4136 ex
2750 4073 3051 4154 peculiari
3109 4073 3319 4153 aliqua

1756 4172 1998 4232 ratione
2037 4168 2196 4230 entis
2235 4168 2302 4227 in
2339 4186 2452 4229 suo
2485 4168 2710 4230 effectu
2764 4170 3016 4232 inventa
3039 4187 3054 4241 ;
3081 4170 3182 4231 vel
3216 4169 3324 4231 de-

1756 4265 1949 4342 nique
2001 4262 2151 4340 quia
2196 4261 2361 4321 inter
2397 4261 2702 4336 influxum
2750 4281 2954 4323 causae
2990 4262 3210 4343 primae
3261 4268 3326 4323 et

1759 4355 2052 4418 secundae
2081 4373 2156 4415 ex
2194 4372 2308 4415 suo
2353 4372 2588 4431 genere
2616 4373 2745 4415 non
2779 4360 2871 4417 est
2909 4361 3128 4417 mutua
3175 4372 3323 4416 con-

1758 4449 1997 4521 versim
2027 4451 2232 4527 potest
2251 4447 2420 4507 enim
2443 4466 2579 4509 esse
2606 4448 2778 4527 prior
2807 4449 2940 4510 sine
2970 4448 3320 4529 posteriori,

1758 4560 1889 4603 non
1910 4547 2128 4601 tamen
2155 4558 2188 4601 e
2221 4542 2568 4613 contrario;
2601 4559 2790 4620 quam
2822 4542 3010 4602 etiam
3029 4542 3328 4603 Aristote-

1760 4634 1854 4695 les
1878 4632 2124 4695 vocavit
2156 4632 2496 4711 quamdam
2528 4640 2766 4695 naturae
2794 4636 3201 4715 prioritatem.
3234 4634 3329 4696 Si-

1764 4732 1869 4789 cut
1913 4726 2105 4787 etiam
2155 4725 2371 4786 dicunt
2417 4732 2705 4788 auctores
2743 4745 3002 4789 causam
3053 4727 3328 4808 primam

1762 4820 2184 4884 immediatius
2239 4838 2648 4893 concurrere,
2708 4839 2899 4899 quam
2955 4821 3323 4897 secundam,

1764 4913 1937 4993 quod
1969 4932 2097 4975 non
2139 4918 2346 4993 potest
2377 4912 2636 4994 intelligi
2678 4921 2984 4995 quantum
3025 4914 3106 4975 ad
3139 4932 3332 4993 nega-

1759 5008 1998 5069 tionem
2038 5006 2232 5068 medii
2273 5006 2570 5081 influxuS,
2603 5024 2752 5067 nam
2793 5025 3013 5068 revera
3057 5006 3334 5067 influxus

1762 5118 1976 5161 causae
2011 5098 2308 5161 secundas
2334 5099 2523 5160 etiam
2556 5105 2650 5161 est
2685 5100 2942 5161 omnino
2983 5100 3328 5180 proximu8‚

1764 5193 1850 5254 ita
1883 5198 1954 5253 ut
1985 5192 2195 5253 nullus
2222 5192 2382 5253 alius
2411 5192 2662 5271 proprie
2693 5192 2927 5253 mediet
2959 5192 3121 5253 iuter
3158 5192 3336 5253 illum

1766 5290 1830 5347 et
1856 5284 2170 5347 effectum.
2213 5286 2347 5347 Imo
2387 5284 2506 5346 hac
2535 5285 2776 5347 ratione
2817 5304 3004 5345 causa
3057 5286 3336 5346 secunda

1767 5378 2188 5441 communiter
2215 5378 2335 5439 dici
2377 5380 2538 5440 solet
2566 5396 2756 5439 causa
2791 5378 3110 5457 proxima;
3143 5380 3229 5445 et.
3268 5383 3340 5439 ut

1770 5488 1960 5551 supra
2000 5470 2286 5533 dicebam
2309 5516 2326 5545 ‚
2369 5470 2551 5532 multi
2596 5472 2685 5531 ita
2725 5470 3093 5549 loquuntur,
3136 5474 3208 5529 ut
3247 5469 3339 5529 di-

1774 5568 1919 5627 cant
1958 5581 2215 5626 causam
2241 5564 2585 5625 secundam
2613 5580 2986 5625 concurrere
3015 5561 3343 5623 immedia-
