3850 6225
606 414 774 467 SECT.
810 415 895 469 111.
938 414 1155 469 UTRUH
1186 416 1351 471 'rou
1382 418 1617 474 enum
1648 420 1769 474 PER
1798 421 2128 477 recemum
2157 424 2384 479 Aulsslt
2423 426 2669 491 sumt,
2703 426 2840 481 mc,

133 519 297 574 tuum
340 512 597 592 supplet
646 516 967 579 moraliter
1016 517 1189 579 illam
1236 519 1678 583 intensionem.

134 606 271 667 Aliae
318 605 513 667 etiam
564 608 1043 671 circumstantiae
1102 619 1367 691 possunt
1430 615 1511 676 ad
1564 617 1685 677 hoc

133 698 401 759 conferre
423 744 439 767 ,
484 706 557 762 ut
604 703 807 783 major
844 704 1121 777 lihertaS,
1176 711 1321 779 etc.;
1374 707 1683 771 immerito

133 810 271 869 ergo
300 792 443 853 dicti
484 800 775 857 auctores
804 797 889 856 ita
926 798 1261 859 haerentia
1312 801 1443 862 sola
1486 802 1685 863 inten-

132 886 291 944 sione
332 886 521 947 unius
562 894 739 949 aetus
783 890 1130 964 eharitatis,
1164 896 1235 952 ut
1280 892 1450 954 illam
1491 896 1683 958 velint

134 996 257 1039 esse
313 979 567 1041 unicam
612 987 673 1043 et
714 988 947 1043 certam
978 1002 1337 1047 mensuram
1362 988 1683 1069 augmenti

135 1072 355 1151 gratiae.

139 1304 411 1379 Quomodo
438 1306 646 1371 lumen
675 1306 889 1391 alorioe
916 1310 1091 1374 detur
1121 1310 1317 1391 jueta
1338 1313 1687 1395 proportio-

634 1420 768 1465 nem
818 1404 1165 1469 charitatis.

204 1630 295 1687 50.
318 1628 395 1687 Et
421 1644 499 1688 ex
520 1628 643 1689 hoc
667 1637 881 1691 manet
900 1630 1089 1692 etiam
1110 1632 1469 1712 expeditum
1496 1650 1681 1711 quar·

135 1727 251 1781 tum
295 1728 783 1799 argumentum,
830 1724 895 1784 in
934 1741 1061 1801 quo
1104 1727 1495 1805 aequivocum
1542 1744 1681 1789 esse

138 1820 318 1895 potest
360 1815 516 1875 illud
546 1817 719 1894 quod
758 1818 1042 1893 infertur,
1090 1818 1345 1895 scilicet,
1382 1822 1559 1901 sequi
1586 1822 1685 1881 lu-

136 1926 265 1968 men
305 1908 521 1987 gloriae
566 1911 631 1970 in
668 1910 1019 1973 intensione
1056 1932 1185 1974 non
1223 1914 1685 1994 proportionari

137 2002 449 2061 intensioni
476 2008 735 2063 actuum
764 2008 827 2065 et
862 2005 1111 2067 habitus
1140 2007 1497 2081 charitatis;
1534 2025 1685 2069 nam

136 2098 317 2172 potest
356 2112 495 2155 esse
536 2113 785 2170 sensae,
826 2098 995 2176 quod
1038 2100 1242 2160 neutri
1272 2101 1497 2161 horum
1538 2120 1685 2180 pro-

136 2188 531 2265 portionetur;
586 2194 647 2250 et
690 2190 809 2251 hoc
843 2197 935 2253 est
962 2190 1215 2267 falsum,
1248 2211 1367 2255 nec
1403 2195 1685 2274 sequitur

137 2298 203 2340 ex
227 2280 419 2355 dictis,
463 2281 617 2360 quia
656 2283 879 2345 saltem
922 2287 1429 2365 proportionetur
1479 2288 1685 2349 inten-

140 2374 273 2433 sioni
302 2375 551 2437 habitus
574 2376 913 2439 charitatis.
946 2380 1078 2440 imo
1122 2380 1185 2440 in
1226 2381 1399 2441 nulla
1428 2386 1682 2442 senten·

138 2467 207 2526 tia
232 2468 341 2527 hoc
359 2470 747 2531 constantius
774 2472 1075 2533 asseritur
1097 2491 1287 2552 quam
1306 2475 1373 2535 in
1393 2492 1469 2535 ea
1490 2492 1683 2554 quam

141 2558 543 2635 defendimus3
596 2563 909 2625 credimus
952 2566 1117 2627 enim
1150 2572 1347 2629 totum
1378 2586 1685 2646 augmen-

139 2659 253 2712 tum
284 2654 517 2731 gratiae,
550 2657 724 2735 quod
752 2658 939 2719 homo
968 2657 1031 2719 in
1070 2659 1189 2721 hac
1215 2660 1339 2721 vita
1377 2667 1678 2735 meretur,

141 2748 322 2807 statim
348 2748 431 2807 illi
451 2748 615 2823 dari,
641 2756 703 2810 et
722 2750 1087 2813 charitatem
1106 2753 1293 2814 simul
1316 2773 1461 2816 cum
1482 2754 1682 2835 gratia

140 2839 193 2899 in
218 2840 427 2901 eodem
470 2842 731 2903 instanti
772 2844 1022 2923 augeri;
1074 2845 1345 2924 ideoque
1377 2847 1445 2907 in
1479 2848 1681 2927 primo

142 2934 363 2995 instanti
394 2938 639 3011 mortis,
670 2956 787 2999 nec
826 2939 1115 3018 gratiam,
1151 2959 1271 3002 nec
1312 2942 1681 3003 charitatem

142 3028 379 3106 amplius
407 3048 719 3104 crescere,
760 3033 872 3092 sed
898 3031 1113 3094 lumen
1137 3034 1349 3114 gloriae
1372 3035 1445 3114 (si
1470 3036 1683 3097 anima

143 3129 223 3182 est
256 3123 521 3200 perfecte
556 3129 845 3206 purgata)
876 3126 1117 3188 infundi
1143 3147 1287 3189 eum
1328 3129 1681 3191 intensione

142 3217 585 3293 proportionata
616 3218 833 3296 gloriae
883 3227 947 3282 et
990 3221 1295 3283 charitati.
1330 3222 1503 3284 Alius
1542 3240 1681 3284 sen-

144 3326 231 3366 sus
256 3309 411 3370 illius
453 3312 899 3390 consequentis
940 3331 1079 3374 esse
1120 3321 1349 3394 potest,
1382 3313 1681 3376 intensio-

147 3419 272 3462 nem
298 3402 551 3466 luminis
579 3405 793 3483 glorias
824 3423 952 3467 non
982 3425 1121 3468 esse
1148 3409 1677 3487 proportionatam

143 3492 447 3557 intensioni
492 3497 771 3572 habitus,
820 3505 883 3560 et
928 3506 1183 3561 actuum
1234 3501 1573 3575 charitatis,
1618 3506 1683 3563 et

143 3586 263 3658 hoc,
294 3589 443 3652 sieut
485 3608 569 3652 ex
608 3590 787 3652 dietis
829 3593 1129 3672 sequitur,
1164 3594 1249 3655 ita
1284 3595 1683 3656 verissimum

146 3685 241 3740 est.
274 3681 421 3743 Nam
449 3683 705 3746 habitus
744 3687 1059 3748 charitatis
1097 3705 1223 3748 non
1260 3687 1451 3749 habet
1476 3688 1683 3750 inten-

139 3773 349 3836 sionem
392 3795 465 3838 ex
515 3779 657 3840 sola
692 3778 1047 3842 intensione
1098 3799 1357 3842 suorum
1397 3788 1677 3856 actuum,

140 3867 235 3927 sed
260 3869 435 3932 etiam
478 3890 563 3932 ex
610 3873 1029 3948 multitudine,
1083 3875 1211 3936 imo
1260 3895 1339 3937 ex
1387 3877 1681 3938 omnibus

142 3961 353 4022 actibus
370 3965 701 4026 meritoriis
718 3966 900 4028 simul
917 3969 1211 4048 sumptis;
1236 3975 1299 4030 et
1312 3969 1453 4031 ideo
1472 3987 1677 4050 neque

141 4051 377 4116 intensio
418 4058 675 4119 luminis
718 4060 929 4140 gloriae
967 4062 1081 4122 soti
1124 4063 1465 4124 intensioni
1504 4070 1679 4124 actus

144 4147 427 4212 charitatis
470 4155 1005 4232 proportionanda
1042 4162 1157 4230 est,
1188 4157 1303 4217 sed
1329 4157 1523 4219 valori
1552 4175 1680 4219 om-

144 4241 297 4302 nium
316 4247 701 4308 meritorum.
730 4249 863 4309 Hoc
888 4255 983 4310 est
1002 4250 1171 4310 enim
1191 4250 1361 4329 quod
1384 4251 1449 4310 in
1478 4250 1681 4330 prima

146 4337 389 4399 sectione
418 4339 1005 4418 demonstravimuS‚
1036 4349 1097 4405 et
1122 4344 1306 4426 valde
1348 4348 1681 4406 consenta-

146 4447 313 4491 neum
336 4433 479 4496 fidei
506 4454 647 4496 esse
688 4437 1099 4514 ostendimus,
1152 4440 1405 4512 scilicet,
1438 4439 1683 4518 perfec-

149 4521 351 4586 tionem
372 4527 741 4589 intensivam
758 4529 1013 4592 visionis
1030 4532 1333 4594 beatificat
1354 4550 1483 4594 non
1500 4551 1682 4594 men·-

149 4618 321 4678 surari
362 4619 489 4680 sola
516 4622 869 4684 intensione
908 4625 1094 4686 unius
1130 4633 1306 4688 actus
1335 4625 1673 4700 charitatiS,

150 4709 245 4768 sed
292 4712 677 4776 multitudine
730 4716 1131 4792 meritorium
1192 4719 1417 4780 eadem
1464 4724 1679 4780 autem

148 4804 283 4863 ratio
311 4813 399 4867 est
422 4809 499 4870 de
526 4809 767 4870 lumine
798 4810 1029 4888 gloriae.
1062 4813 1402 4892 Loquimur
1420 4831 1571 4874 vero
1596 4813 1677 4874 de

151 4897 361 4960 actibus
390 4902 703 4964 charitatis
744 4903 895 4977 vite,
938 4906 1181 4968 namin
1216 4907 1417 4986 patria
1464 4908 1680 4968 lumen

152 4990 337 5066 gloriae
363 4997 897 5074 proportionatum
924 4999 1114 5060 etiam
1144 5000 1262 5062 erit
1292 5001 1459 5062 actui
1483 5001 1682 5061 chari-

152 5083 305 5160 tatis,
342 5089 479 5165 quia
512 5089 597 5150 ibi
651 5089 903 5153 habitus
954 5093 1271 5154 eharitatis
1320 5094 1679 5154 necessario

154 5178 479 5252 operabitur
502 5183 851 5244 secundum
877 5188 1075 5246 totam
1098 5186 1537 5249 intensionem.
1572 5190 1679 5248 At-

155 5284 259 5373 que
302 5271 427 5335 haec
469 5275 711 5338 videtur
760 5277 911 5339 satis
956 5296 1095 5340 esse
1138 5281 1219 5342 de
1266 5281 1385 5341 hac
1438 5280 1679 5360 digres-

160 5377 333 5426 sione.
986 5376 999 5397 ⁸

3205 423 3323 485 509

1766 674 1856 737 De
1894 664 2106 738 meo-{to
2133 676 2384 757 praemii
2419 673 2761 740 essentialis
2782 690 2891 753 per
2916 676 3089 737 actus
3124 675 3326 737 virtu-

2295 776 2425 835 tum
2449 770 2796 835 moralium.

1848 983 1948 1045 51.
1999 980 2504 1063 objecta—Non
2534 1001 2788 1063 possum
2827 987 3044 1043 tamen
3083 981 3328 1043 omitte-

1768 1094 1835 1136 re
1866 1076 2019 1153 quin
2070 1078 2250 1137 alteri
2287 1076 2632 1138 difficultati
2681 1074 3080 1147 satisfaciam,
3134 1090 3325 1153 quam

1768 1168 1871 1228 alii
1901 1175 2190 1231 auctores
2217 1170 2302 1229 ita
2352 1174 2772 1249 exaggerant,
2824 1173 2894 1229 ut
2939 1184 3088 1228 vere
3134 1166 3328 1229 velint

1768 1263 2146 1325 sententiam
2195 1282 2376 1325 suam
2431 1270 2734 1343 tanquam
2787 1267 3024 1323 certam
3075 1261 3154 1323 de
3201 1260 3326 1323 fide

1764 1357 2168 1435 persuadere.
2200 1359 2388 1419 Aiunt
2429 1357 2619 1430 enim,
2657 1376 2736 1418 ex
2779 1356 2958 1417 dictis
3011 1355 3188 1434 sequi
3231 1354 3328 1415 in·

1765 1450 2115 1513 tensionem
2141 1452 2356 1531 gratiae
2393 1456 2456 1513 et
2485 1450 2741 1511 visionis
2777 1449 2982 1511 beatae
3020 1449 3328 1528 principa·

1762 1542 1881 1603 lius
1910 1562 1948 1603 a
1977 1544 2158 1605 nohis
2183 1543 2368 1605 tribui
2395 1543 2690 1623 operibus
2717 1542 2981 1605 aliarum
3001 1542 3322 1614 virtutum,

1762 1654 1954 1714 quam
2006 1637 2245 1697 actibus
2297 1637 2565 1717 propriis
2621 1655 2658 1696 a
2707 1634 3008 1697 charitate
3058 1634 3276 1695 elicitis
3304 1652 3320 1708 ;

1764 1729 1936 1809 quod
1965 1748 2358 1809 consequens
2392 1736 2486 1791 est
2529 1746 2887 1803 erroneum,
2919 1728 3066 1808 quia
3091 1727 3328 1807 perfec-

1764 1823 1850 1883 tio
1889 1823 2030 1884 vitae
2061 1823 2420 1885 Christianae
2461 1822 2884 1903 principaliter
2925 1828 2987 1883 et
3027 1822 3329 1883 essentia-

1763 1914 1905 1977 liter
1933 1916 2134 1996 posita
2161 1922 2256 1977 est
2285 1917 2349 1975 in
2379 1916 2704 2001 charitate,
2725 1920 2793 1975 ut
2815 1914 3178 1993 frequenter
3207 1914 3328 1975 col-

1764 2008 1976 2089 ligitur
2003 2028 2082 2071 ex
2113 2010 2453 2089 Scriptura,
2493 2009 2677 2071 Joan.
2713 2011 2814 2081 44,
2863 2008 2944 2068 ad
2973 2008 3322 2069 Colossens.

1766 2106 1825 2173 3,
1869 2103 2086 2182 primae
2127 2102 2209 2163 ad
2243 2102 2518 2164 Corinth.
2555 2102 2655 2175 13,
2697 2102 2915 2180 primae
2945 2100 3128 2162 Joan.
3156 2103 3216 2161 4.
3253 2100 3328 2161 Et

1764 2197 2108 2276 explicatur
2137 2215 2176 2257 a
2205 2198 2274 2256 D.
2315 2197 2556 2257 Thema
2593 2198 2648 2255 l.
2683 2198 2743 2267 2,
2775 2198 2994 2273 quaest.
3029 2196 3166 2266 114,
3205 2198 3322 2254 art.

1765 2292 1793 2352 ί
1826 2296 1888 2350 et
1905 2291 1966 2363 3,
1999 2296 2062 2350 et
2089 2306 2253 2367 saepe
2287 2288 2474 2361 alias;
2505 2306 2678 2367 ergo.
2705 2287 2972 2367 Sequela
2991 2286 3324 2369 probatur,

1764 2382 1940 2461 quia,
1967 2383 2146 2462 juxta
2179 2382 2346 2443 dicta
2389 2400 2424 2443 a
2467 2382 2672 2457 nobis,
2699 2380 2838 2448 fieri
2865 2387 3069 2461 potest
3103 2385 3174 2440 ut
3219 2378 3328 2440 ali-

1764 2476 1924 2553 quis,
1955 2475 2064 2555 qui
2092 2476 2156 2535 in
2199 2476 2318 2536 hac
2345 2475 2474 2536 vita
2497 2474 2821 2535 remissius
2859 2473 3072 2535 dilexit
3099 2474 3323 2548 Deum,

1763 2570 2168 2631 intensiorem
2198 2568 2465 2647 gratiam
2495 2574 2558 2630 et
2591 2568 2896 2629 visionem
2933 2566 3184 2627 beatam
3213 2566 3328 2626 ob-

1765 2662 1960 2723 tineat
1988 2668 2243 2742 propter
2267 2662 2392 2723 alia
2419 2679 2610 2740 opera
2644 2660 2885 2722 virtutis
2914 2678 2929 2719 :
2957 2665 3050 2732 ut,
3081 2659 3132 2720 si
3157 2676 3326 2719 unus

1762 2756 2035 2835 patiatur
2073 2755 2444 2834 martyrium
2489 2772 2634 2816 cum
2659 2754 2922 2814 remisso
2952 2758 3096 2813 actu
3122 2752 3328 2812 chari-

1762 2849 1927 2921 tatis,
1961 2849 2122 2909 alius
2153 2866 2304 2909 vero
2330 2848 2438 2909 det
2467 2847 2932 2927 eleemosynam
2961 2864 3104 2908 cum
3126 2846 3326 2907 inten-

1764 2943 1910 3003 siori
1947 2947 2092 3005 actu
2133 2942 2488 3015 charitatiS,
2526 2960 2655 3002 nen
2693 2940 2836 3001 fieri
2875 2945 3100 3020 potest,
3145 2946 3214 3000 ut
3259 2938 3324 2999 in

1762 3036 1984 3117 majori
2013 3035 2414 3115 proportione
2461 3034 2722 3096 excedat
2747 3034 3038 3095 meritum
3088 3038 3325 3110 marty-

1761 3130 1839 3191 rii
1874 3129 2168 3191 meritum
2211 3129 2648 3209 eleemosynas,
2683 3144 2874 3208 quam
2915 3132 3093 3189 actus
3119 3126 3326 3188 inten-

1760 3224 1889 3285 sior
1925 3223 2244 3286 charitatis
2293 3223 2553 3284 excedat
2593 3221 2960 3294 remissum;
2995 3239 3146 3302 ergo
3175 3221 3325 3281 sim-

1758 3317 2002 3398 pliciter
2034 3315 2292 3377 habebit
2313 3317 2620 3395 majorem
2661 3314 2927 3394 gloriam
2955 3319 3194 3393 martyr
3221 3314 3323 3374 ille

1764 3429 1907 3474 cum
1946 3410 2244 3471 charitate
2274 3409 2558 3480 remissa,
2595 3426 2788 3488 quam
2816 3407 2974 3469 alter
3009 3424 3152 3470 cum
3181 3408 3324 3468 cha-

1762 3505 1943 3565 ritate
1971 3503 2246 3576 intensa;
2273 3521 2426 3582 ergo
2447 3501 2748 3582 perfectio
2775 3500 3082 3562 intensiva
3107 3499 3322 3579 glorias

1764 3596 2113 3658 essentialis
2147 3594 2482 3674 perfectius
2510 3593 2696 3655 datur
2721 3599 2980 3673 propter
3019 3591 3324 3654 fortitudi-

1763 3709 1932 3766 nem,
1967 3708 2158 3769 quam
2187 3694 2441 3768 propter
2467 3686 2854 3748 charitatem.
2875 3686 3182 3765 Denique,
3207 3703 3325 3746 nos

1760 3786 2029 3847 diximus
2055 3782 2472 3845 intensionem
2499 3781 2741 3862 praemii
2773 3781 3121 3843 essentialis
3143 3797 3325 3841 men·

1760 3880 1960 3940 surari
1995 3895 2123 3939 non
2161 3894 2240 3938 ex
2289 3874 2422 3935 sola
2463 3873 2814 3935 intensione
2845 3877 3098 3934 actuum
3128 3872 3324 3933 chari-

1758 3972 1926 4045 tatis,
1961 3969 2073 4032 sed
2098 3987 2174 4030 ex
2201 3966 2450 4029 cumulo
2479 3967 2761 4028 omnium
2789 3966 3150 4028 meritorum
3159 3989 3177 4041 3
3207 3984 3324 4026 sse-

1759 4083 1839 4145 pe
1868 4069 2082 4126 autem
2109 4061 2244 4122 fieri
2285 4063 2492 4139 potest-
2538 4064 2607 4120 ut
2659 4059 3076 4130 hiccumulus
3120 4060 3323 4140 magis

1760 4160 2002 4218 crescat
2028 4174 2106 4230 ex
2133 4153 2426 4216 exercitio
2459 4152 2726 4213 aliarum
2762 4151 3064 4212 virtutum
3085 4197 3100 4225 ,
3129 4169 3322 4231 quam

1762 4269 1840 4312 ex
1865 4250 2134 4331 propriis
2176 4248 2416 4310 actibus
2455 4246 2672 4308 elicitis
2701 4262 2738 4307 a
2767 4245 3090 4322 charitate,
3119 4251 3187 4308 ut
3208 4265 3324 4327 per

1762 4363 1829 4405 se
1877 4346 2140 4404 constat.

1841 4439 1942 4500 52.
1994 4433 2294 4499 Solvitur.
2313 4467 2398 4480 —
2415 4432 2787 4511 Respondeo
2830 4432 3136 4512 imprimis
3167 4433 3322 4510 nihil

1760 4531 1988 4590 horum
2019 4527 2194 4606 sequi
2226 4545 2303 4588 ex
2331 4525 2614 4590 doctrina
2643 4525 2790 4586 data
2835 4526 2916 4588 de
2953 4527 3324 4588 reviviscen-

1760 4624 1845 4684 tis
1876 4622 2267 4694 meritorum,
2299 4618 2446 4699 quia
2477 4619 2539 4679 in
2569 4617 2672 4678 illa
2709 4636 2837 4679 non
2865 4619 3071 4698 agitur
3097 4619 3176 4680 de
3219 4637 3324 4680 ac-

1760 4719 1927 4779 tibus
1965 4735 2080 4797 per
2107 4731 2266 4794 quos
2295 4731 2635 4786 meremur,
2678 4712 2789 4773 sed
2817 4712 2881 4773 id
2907 4714 3318 4792 supponitur;

1760 4829 1931 4884 nam,
1971 4827 2088 4890 per
2129 4823 2562 4888 quoscumque
2597 4810 2773 4866 actus
2817 4805 3172 4867 habeantur
3195 4824 3325 4867 me-

1760 4906 1907 4978 rita,
1958 4903 2222 4965 dicimus
2249 4900 2620 4962 reviviscere
2659 4897 2849 4959 modo
2890 4917 3080 4978 supra
3119 4899 3325 4961 decla-

1760 5005 1919 5060 rato.
1949 4995 2185 5058 Deinde
2209 5011 2418 5073 neque
2445 4993 2564 5053 hoc
2595 4991 2878 5071 sequitur
2900 5010 2978 5053 ex
3005 4995 3228 5054 merito
3261 4998 3324 5054 et

1760 5092 1990 5153 effectu
2021 5095 2275 5164 actuum
2314 5086 2720 5148 remissorum
2771 5086 3098 5165 ipsiusmet
3125 5087 3323 5147 chari-

1760 5185 1925 5258 tatis,
1959 5183 2106 5262 quia
2143 5181 2231 5243 illi
2259 5195 2388 5242 non
2414 5184 2561 5241 sunt
2583 5183 2758 5240 extra
2785 5179 3178 5241 latitudinem
3201 5179 3322 5241 for-

1759 5277 1942 5338 malis
1969 5273 2306 5338 charitatis
2337 5271 2514 5344 Quod
2553 5272 2603 5332 si
2651 5273 2768 5351 ipsi
2807 5272 3000 5334 velint
3027 5267 3322 5334 intensio-

1758 5388 1908 5432 nem
1941 5369 2152 5451 gloriae
2201 5385 2338 5430 esse
2382 5365 2752 5428 sumendam
2805 5365 3207 5445 principalius
3243 5383 3323 5426 ex

1760 5463 2108 5525 intensione
2139 5459 2360 5539 majori
2384 5459 2570 5521 unius
2601 5463 2798 5532 aetus,
2831 5475 3022 5536 quam
3051 5475 3128 5519 ex
3161 5457 3324 5520 mul-

1759 5556 2026 5618 titudine
2063 5553 2338 5635 plurium
2377 5551 2783 5614 remissorum
2805 5596 2822 5625 ,
2853 5551 2917 5614 id
2961 5551 3324 5632 simpliciter
