3850 6225
464 334 542 393 10

461 439 739 498 humana
796 438 1106 511 libertate,
1166 438 1345 517 cujus
1390 440 1663 499 maxima
1721 440 2017 520 perfectio

461 537 555 593 est
585 532 754 609 quod
777 531 1054 591 divinam
1077 531 1432 593 libertatem
1459 533 1756 594 imitetur.
1849 552 1862 563 ·

541 626 601 685 6.
661 624 990 703 Rcsbllitur
1032 624 1332 707 praedicta
1383 628 1702 689 sententia.
1746 658 1828 672 —
1877 628 2020 687 Haec

459 736 608 779 vero
649 716 930 779 doctrina
969 722 1064 777 est
1107 716 1240 778 sine
1277 717 1466 779 dubio
1505 718 1684 791 falsa,
1715 720 2023 798 procedit-

462 830 582 890 que
632 828 708 871 ex
756 810 912 870 falso
952 810 1388 887 fundamento,
1435 813 1583 890 quia
1629 830 1758 873 non
1803 812 2020 873 distin-

461 906 596 985 guit
637 904 796 966 inter
841 904 1204 965 facultatem
1233 905 1496 967 liberam
1540 910 1602 967 et
1640 924 1826 967 usum
1865 907 2020 968 libe-

459 1017 600 1059 rum
653 998 822 1076 ejus;
869 1002 932 1058 et
974 999 1038 1057 in
1089 998 1374 1059 discursu
1400 998 1659 1061 rationis
1703 1016 1830 1060 suae
1885 1018 2015 1061 non

461 1091 756 1151 discernit
806 1090 969 1151 inter
1011 1090 1287 1151 radicem
1341 1090 1644 1152 libertatis
1687 1091 2017 1171 ipsamque

460 1183 787 1245 formalem
823 1183 1216 1257 libertatem3
1250 1183 1356 1243 illa
1396 1184 1565 1245 enim
1602 1184 2020 1246 indifferentia

456 1277 672 1355 judicii
702 1278 934 1355 optime
961 1276 1186 1337 dicitur
1212 1295 1250 1336 a
1276 1278 1672 1355 peritioribus
1687 1278 2021 1358 Theologis

461 1370 639 1430 radix
665 1369 990 1444 libertatis,
1021 1388 1150 1431 non
1189 1376 1402 1430 tamen
1441 1376 1536 1431 est
1570 1370 1705 1449 ipsa
1741 1372 2019 1433 formalis

460 1463 752 1536 libertas3
780 1470 850 1525 ut
879 1482 956 1525 ex
983 1464 1162 1525 dictis
1189 1463 1254 1523 in
1287 1463 1490 1543 primo
1521 1466 1721 1544 capite
1753 1470 2015 1527 constat.

465 1557 596 1629 Quo
634 1557 703 1617 fit
745 1562 812 1617 ut
839 1557 945 1617 illa
993 1557 1178 1617 etiam
1225 1556 1645 1619 indifferentia
1683 1558 1900 1637 judicii
1944 1559 2023 1619 sit

464 1650 776 1710 sufficiens
815 1656 1256 1729 argumentum
1288 1656 1348 1712 et
1386 1651 1562 1730 origo
1601 1651 1910 1713 facultatis
1947 1650 2025 1710 li-

461 1742 654 1803 herae.
687 1744 764 1803 Et
811 1751 1266 1823 consequenter
1307 1744 1423 1805 erit
1469 1752 1911 1825 argumentum
1948 1744 2023 1805 li-

461 1837 596 1897 beri
627 1855 798 1907 usus,
828 1837 1162 1917 liberoeque
1207 1840 1608 1917 operationiS‚
1641 1840 1692 1901 si
1741 1840 1882 1901 talis
1929 1839 2021 1900 fa-

463 1929 660 1991 cultas
699 1931 888 1992 modo
931 1932 1046 1993 sibi
1082 1932 1334 2011 proprio
1376 1934 1626 2013 operari
1668 1934 1929 2008 sinatur,
1958 1941 2022 1995 et

465 2024 716 2085 aliunde
749 2044 878 2086 non
902 2024 1309 2103 impediatur;
1342 2027 1390 2087 si
1418 2030 1634 2087 tamen
1659 2026 2023 2107 hujusmodi

462 2117 982 2197 impedimentum
1007 2118 1374 2192 intercedat,
1403 2127 1514 2180 aut
1549 2120 1757 2198 aliqua
1789 2120 2023 2180 extrin-

465 2230 608 2273 seca
647 2214 741 2273 vis
789 2230 929 2292 quae
971 2211 1330 2273 facultatem
1357 2213 1692 2276 voluntatis
1722 2214 2023 2293 impediat

465 2325 544 2367 ne
571 2306 632 2367 in
687 2324 874 2367 usum
899 2306 1150 2386 prodire
1179 2306 1394 2385 possit,
1428 2313 1576 2368 tunc
1624 2307 1758 2369 sola
1785 2308 1889 2367 illa
1927 2308 2024 2367 in-

463 2400 810 2461 differentia
840 2400 1066 2481 objecti
1089 2402 1187 2463 vel
1201 2400 1418 2481 judicii
1441 2400 1522 2461 ad
1544 2400 1810 2462 liberum
1834 2420 2023 2462 usum

465 2512 594 2555 non
637 2494 924 2557 sufficiet.

546 2587 733 2651 Ratio
801 2607 842 2652 a
903 2589 1129 2671 priori.
1197 2622 1278 2636 —
1326 2588 1632 2649 Probatur
1707 2586 1908 2667 primo
1982 2604 2019 2646 a

465 2683 692 2761 priori;
726 2682 874 2761 quia
911 2701 1064 2743 usus
1093 2682 1395 2744 libertatis
1423 2681 1702 2743 consistit
1739 2680 2021 2760 proxime

465 2794 538 2835 ac
565 2773 908 2835 formaliter
933 2775 996 2834 in
1023 2780 1164 2835 actu
1193 2775 1388 2836 libero
1429 2775 1624 2853 ipsius
1649 2773 2015 2845 voluntatis3

465 2872 640 2927 actus
672 2873 882 2928 autem
926 2867 1260 2929 voluntatis
1298 2888 1426 2929 non
1474 2868 1667 2929 hahet
1713 2868 2023 2928 rationem

463 2959 643 3020 liberi
679 2959 1062 3036 immediate,
1099 2962 1220 3021 nisi
1259 2980 1297 3022 a
1336 2961 1632 3023 facultate
1678 2960 1873 3037 ipsius
1912 2978 2026 3019 vo-

464 3052 741 3127 luntatis,
771 3070 961 3131 quam
1009 3060 1153 3115 actu
1186 3060 1437 3116 exercet
1460 3054 1526 3115 in
1555 3060 1763 3116 actum
1791 3054 2021 3133 ipsum,

462 3147 526 3206 in
573 3165 846 3225 eumque
883 3146 1269 3221 dominatum
1326 3165 1502 3225 ergO,
1553 3147 1836 3226 quamvis
1889 3146 2025 3226 ipsa

463 3241 750 3302 voluutas
775 3239 854 3301 dc
885 3258 952 3302 sc
985 3241 1063 3302 sit
1087 3242 1309 3315 libera,
1344 3247 1406 3303 ct
1425 3241 1730 3321 judicium
1767 3239 2027 3300 rationis

466 3334 648 3406 adsit,
705 3340 1140 3414 proponatque
1199 3337 1516 3415 objectum
1573 3353 1700 3396 non
1750 3333 2027 3394 inferens

464 3427 922 3502 necessitatem,
955 3429 1006 3488 si
1041 3436 1252 3490 tamen
1301 3429 1554 3490 aliunde
1606 3427 1868 3488 facultas
1916 3445 2029 3486 vo—

463 3521 718 3581 luntatis
747 3521 1122 3600 impediatur
1159 3539 1242 3583 ne
1291 3541 1406 3583 suo
1437 3521 1600 3582 actui
1642 3521 2021 3594 dominetur,

462 3631 672 3694 neque
726 3619 1054 3692 utramque
1099 3616 1227 3676 vim
1280 3634 1462 3676 suam
1507 3613 1734 3694 agendi
1793 3619 1856 3674 et
1894 3631 2026 3674 uon

464 3706 694 3785 agendi
745 3714 888 3768 actu
941 3709 1210 3769 solutam
1261 3714 1324 3773 et
1363 3707 1720 3788 expeditam
1768 3705 2020 3780 habeat,

465 3804 640 3860 actus
663 3818 792 3860 non
823 3801 940 3862 erit
977 3801 1155 3862 liber.

545 3899 606 3954 7.
656 3893 906 3958 Ouidam
951 3895 1262 3974 objectioni
1305 3897 1383 3975 fit
1429 3899 1609 3962 satis.
1645 3929 1730 3944 --
1772 3897 2023 3958 Dicetur

463 3989 728 4050 fortasse
774 3987 910 4049 fieri
947 4007 1077 4050 non
1104 4009 1288 4070 posse
1317 3997 1388 4052 ut
1411 3991 1722 4064 voluntas,
1749 4007 2025 4069 praesen-

464 4087 594 4143 tato
624 4082 732 4142 tali
760 4083 1005 4162 objecto
1048 4102 1161 4163 per
1195 4084 1322 4145 tale
1353 4084 1686 4163 judicium,
1716 4083 1802 4144 ita
1825 4083 2025 4162 impe·

463 4174 670 4236 diatur
705 4177 1062 4254 quominus,
1097 4179 1147 4239 si
1203 4183 1520 4257 operatur,
1573 4178 1766 4239 libere
1807 4194 2027 4256 opere-

464 4274 586 4330 tur.
609 4269 1044 4348 Respondetur
1073 4273 1398 4352 imprimis:
1423 4291 1566 4334 cum
1595 4271 2029 4333 conditionalis

463 4363 618 4422 nihil
657 4368 852 4441 ponat
878 4363 940 4422 in
985 4382 1147 4438 esse,
1179 4365 1422 4426 etiamsi
1448 4383 1668 4426 verum
1699 4371 1866 4426 esset
1892 4365 2028 4424 nu]-

465 4455 593 4515 lum
633 4473 820 4534 posse
858 4455 1378 4533 impedimentum
1413 4458 1825 4526 intercedere,
1869 4458 2031 4518 nihi·-

465 4549 738 4608 lominus
783 4567 936 4610 vera
983 4555 1148 4610 esset
1179 4550 1614 4612 conditionalis
1661 4551 2025 4631 propositiO,

466 4641 516 4702 si
548 4640 612 4701 id
655 4642 1018 4716 intercedat,
1055 4643 1500 4721 impediturum
1555 4661 1694 4704 esse
1740 4662 1926 4704 usum
1954 4643 2029 4703 li·-

467 4737 748 4808 bertatis,
784 4736 1025 4797 etiamsi
1072 4755 1202 4798 non
1255 4737 1432 4798 tollat
1472 4734 1830 4798 facultatem
1871 4736 2029 4798 libe-

399 4815 424 4841 '
467 4846 626 4901 ram,
677 4847 796 4889 nec
829 4829 1137 4908 judicium
1190 4830 1471 4891 ratiouiS.
1509 4829 1746 4891 Deinde
1797 4829 2027 4890 falsum

469 4927 713 4982 estnon
740 4940 926 5000 posse
955 4923 1080 4984 tale
1103 4921 1622 5001 impedimentum
1654 4922 2031 4983 intervenire

469 5017 550 5076 ab
576 5017 784 5095 aliquo
815 5017 1162 5078 extrinseco
1187 5023 1436 5094 agente,
1467 5016 1762 5077 nimirum
1795 5035 1828 5076 a
1856 5018 2023 5089 Deo;

467 5131 618 5172 nam
667 5111 780 5172 etsi
827 5116 1038 5172 creata
1076 5109 1320 5190 agentia
1351 5129 1480 5170 non
1519 5110 1753 5171 habent
1795 5110 1920 5170 vim
1964 5109 2031 5170 in

467 5205 852 5266 voluntatem
881 5205 1078 5282 ipsam
1103 5223 1218 5283 per
1245 5221 1312 5264 se
1333 5211 1396 5264 et
1414 5203 1794 5276 immediate,
1820 5209 1890 5264 ut
1922 5203 2031 5263 ha-

467 5301 576 5361 bet
595 5317 748 5359 sana
765 5298 1071 5370 doctrina,
1085 5300 1251 5360 Deus
1271 5303 1478 5358 autem
1500 5315 1643 5358 cum
1659 5297 1738 5358 sit
1750 5297 2031 5359 volunta-

466 5393 548 5454 tis
575 5397 792 5452 auctor
820 5397 882 5452 et
907 5391 1220 5464 dominus,
1247 5395 1454 5470 potest
1477 5392 1791 5470 quomodo
1819 5391 2031 5452 voluc-

469 5485 552 5548 rit
602 5485 802 5566 ipsam
851 5502 1128 5558 movere,
1159 5484 1506 5564 impellere,
1563 5489 1672 5544 aut
1697 5483 2025 5564 impedire.

1209 336 1419 389 OPUSC.
1451 338 1492 401 1,
1531 336 1647 389 LIB.
1683 340 1722 391 1.
1759 338 1840 391 m:
1871 338 2193 393 CONCURSU
2225 340 2327 393 DEI
2360 338 2486 391 cm!
2520 334 2910 389 VOLUNTATE.

2100 441 2279 513 Quod
2308 442 2478 503 enim
2506 439 2768 520 Sapiens
2788 438 2873 499 ait
2902 437 3103 515 (Prov.
3129 438 3226 517 2):
3257 438 3373 503 Cor
3398 442 3567 521 roffio
3594 440 3665 503 iu

2098 552 2285 597 manu
2306 534 2421 597 Dei
2446 539 2559 605 est,
2588 537 2646 595 et
2670 549 3029 613 quocumque
3055 531 3312 595 volucrit
3340 534 3666 597 inclinabit

2099 628 2278 701 illud,
2322 646 2449 687 non
2486 626 2689 687 solum
2736 626 2801 685 in
2852 624 3091 685 actibus
3132 624 3283 705 ipsis
3316 626 3510 687 hahet
3554 646 3667 687 ve·-

2102 742 2265 795 rum,
2299 723 2411 783 sed
2452 720 2641 782 etiam
2678 720 2743 780 in
2777 718 2966 779 modo
2998 719 3319 799 operandi.
3354 720 3666 792 Quamob-

2098 834 2235 877 rem
2288 834 2413 876 non
2453 813 2788 884 immeritO,
2826 812 2973 873 licet
3020 814 3435 875 communiter
3460 815 3668 875 Theo-

2097 906 2225 987 logi
2250 906 2516 987 (Magist.
2538 922 2679 967 cum
2712 905 2871 979 aliis,
2890 907 2953 967 in
2974 910 3031 978 1,
3050 905 3190 966 dist.
3206 908 3306 979 47;
3324 908 3659 977 D.Thom.,

2099 1003 2157 1060 1.
2189 1002 2250 1073 2,
2282 1016 2343 1077 q.
2386 1002 2446 1071 6,
2482 1018 2541 1059 a.
2576 1001 2617 1059 4
2642 998 2709 1059 in
2738 1017 2939 1078 corp„
2984 1004 3047 1061 et
3080 998 3164 1058 ad
3202 1002 3259 1073 1,
3304 1000 3531 1061 clarius
3584 999 3663 1059 de

2098 1092 2319 1165 Verit.,
2350 1110 2412 1171 q.
2442 1094 2543 1165 22,
2572 1110 2631 1151 a.
2664 1092 2724 1171 8)
2763 1091 2973 1153 dicant
3001 1110 3130 1153 non
3165 1110 3350 1170 posse
3374 1093 3668 1153 volunta-

2098 1190 2227 1246 tem
2260 1187 2422 1265 cogi,
2452 1186 2519 1245 in
2556 1204 2630 1247 eo
2672 1187 2878 1265 rigore
2904 1204 3127 1246 vocem
3171 1187 3509 1248 coactionis
3559 1206 3667 1246 su-

2099 1278 2350 1339 mendo.
2370 1286 2508 1357 quo
2564 1277 2871 1359 significat
2921 1284 3163 1339 motum
3224 1286 3439 1341 contra
3478 1280 3669 1340 inter-

2100 1389 2254 1431 num
2278 1372 2581 1449 impetum
2609 1390 2724 1432 seu
2750 1372 3117 1451 appetitum,
3161 1373 3333 1451 quia,
3369 1373 3489 1433 boc
3526 1372 3667 1452 ipso

2102 1463 2273 1543 quod
2302 1470 2395 1525 est
2422 1469 2629 1525 motus
2664 1464 3020 1537 voluntatiS,
3066 1464 3441 1544 estquidam
3472 1482 3671 1545 appe-

2100 1558 2249 1620 titus
2278 1564 2414 1637 ejus
2450 1563 2514 1619 et
2548 1558 2629 1618 ab
2657 1558 2905 1619 interno
2956 1558 3216 1637 impetu,
3260 1558 3668 1619 nihilominus

2102 1651 2332 1713 docent
2359 1669 2544 1730 posse
2573 1652 2775 1711 Deum
2796 1650 2921 1711 vim
2944 1650 3115 1711 illam
3144 1651 3443 1712 voluntati
3472 1652 3673 1713 infer-

2100 1764 2193 1817 re,
2238 1763 2378 1824 quae
2415 1745 2477 1805 in
2509 1745 2781 1825 quadam
2827 1745 3197 1806 necessitate
3242 1744 3545 1819 consistit,
3602 1752 3675 1806 et

2104 1844 2563 1917 consequenter
2600 1856 2786 1917 posse
2836 1838 3225 1899 voluntatem
3270 1843 3551 1899 nostram
3577 1839 3669 1899 ita

2102 1931 2338 1990 moveri
2392 1948 2505 1991 seu
2540 1931 2661 2009 agi,
2722 1938 2793 1993 ut
2834 1950 2911 1993 ex
2950 1932 3364 2005 necessitate,
3422 1937 3484 1992 et
3534 1951 3673 1993 non

2102 2041 2247 2083 cum
2284 2042 2403 2083 usu
2430 2023 2733 2085 libertatis
2762 2042 2891 2085 suae
2930 2025 2997 2085 in
3026 2031 3235 2086 actum
3262 2024 3543 2103 prodeat.
3566 2025 3675 2086 Id-

2102 2133 2223 2194 que
2250 2115 2437 2193 plane
2478 2117 2675 2177 sensit
2697 2119 3143 2191 DamascenuS,
3186 2136 3330 2179 cum
3360 2117 3513 2179 dixit
3536 2136 3673 2179 non

2100 2210 2497 2290 praedefinire
2544 2212 2743 2271 Deum
2796 2218 2971 2273 actus
3015 2211 3351 2274 voluntatis
3394 2217 3627 2273 nostrae
3652 2257 3671 2285 ‚

2101 2322 2183 2363 ne
2216 2303 2303 2365 illi
2332 2303 2457 2363 vim
2487 2303 2747 2377 inferat;
2776 2304 3005 2367 dictam
3030 2306 3199 2367 enim
3226 2306 3675 2367 necessitatem

2101 2396 2227 2457 vim
2258 2396 2625 2476 appellavit3
2665 2396 2837 2476 quod
2876 2398 2941 2459 in
2984 2397 3170 2459 modo
3206 2398 3503 2477 loquendi
3538 2397 3675 2459 fre-

2036 2542 2045 2556 .
2102 2506 2303 2568 quens
2332 2508 2471 2551 esse
2496 2490 2667 2569 apud
2691 2491 2927 2563 PatreS,
2954 2490 3289 2571 diligenter
3318 2496 3412 2552 est
3448 2490 3676 2551 obser-

2098 2584 2396 2644 vandum.
2418 2584 2555 2645 Non
2574 2589 2767 2663 negat
2790 2590 3001 2645 autem
3024 2586 3450 2645 Damascenus
3478 2602 3673 2665 posse

2100 2678 2301 2741 Deum
2331 2678 2505 2739 illam
2532 2678 2799 2757 inferre3
2846 2679 2995 2751 imo,
3036 2697 3399 2759 supponens
3446 2696 3667 2758 posse,

2102 2770 2189 2831 ait
2229 2772 2318 2833 ita
2356 2773 2559 2833 Deum
2594 2778 2945 2850 temperare
2988 2772 3299 2833 actionem
3348 2790 3551 2844 suam,
3590 2778 3673 2831 ut

2101 2864 2227 2923 vim
2265 2883 2393 2924 uon
2420 2863 2665 2935 inferat,
2696 2864 2867 2943 quod
2904 2864 2985 2925 ad
3013 2883 3271 2925 suavem
3291 2865 3435 2945 ‚ejus
3460 2865 3671 2944 provi-

2104 2956 2381 3017 dentiam
2410 2963 2668 3037 spectat.
2696 2957 2874 3020 Unde
2896 2958 3069 3019 idem
3100 2964 3195 3021 est
3223 2977 3445 3021 sensus
3474 2960 3671 3021 Sanc-

2104 3056 2309 3111 torum
2352 3051 2655 3126 omnium,
2700 3068 2844 3111 cum
2890 3051 2971 3114 ad
3015 3053 3281 3114 liberum
3322 3071 3507 3114 usum
3553 3071 3677 3113 vo-

2104 3145 2359 3206 luntatis
2396 3147 2559 3207 hanc
2620 3147 3041 3210 conditionem
3082 3167 3159 3208 ex
3201 3154 3377 3228 parte
3415 3148 3527 3209 Dei
3560 3165 3675 3208 re-

2108 3239 2393 3318 quirunt,
2417 3240 2727 3313 videlicet,
2758 3247 2827 3301 ut
2856 3259 2995 3302 eam
3016 3241 3253 3302 moveri
3284 3243 3447 3302 sinat
3472 3241 3671 3302 modo

2108 3333 2224 3393 sibi
2253 3333 2541 3412 proprio;
2581 3341 3007 3413 supponentes
3060 3353 3244 3414 posse
3294 3337 3515 3406 Deum,
3546 3353 3671 3412 pro

2108 3444 2235 3487 suae
2265 3427 2559 3505 potentias
2588 3427 2977 3501 efficacitate,
3014 3447 3159 3488 cum
3194 3427 3495 3507 operandi
3528 3445 3675 3487 mo-

2106 3519 2260 3581 dum
2291 3519 2619 3600 impedire,
2652 3521 2703 3581 si
2732 3521 2909 3595 velit;
2944 3529 3155 3584 tamen
3182 3541 3295 3603 pro
3332 3523 3510 3582 suavi
3538 3541 3675 3582 suae.

2106 3614 2509 3695 providentiae
2548 3615 2951 3694 dispositione
2986 3617 3050 3676 id
3088 3634 3215 3677 non
3252 3615 3497 3688 facere3
3538 3615 3666 3687 vel,

2106 3708 2158 3769 si
2190 3708 2505 3768 interdum
2536 3707 2743 3781 faciat,
2773 3709 2936 3770 inter
2959 3709 3284 3783 miracula,
3312 3727 3454 3788 quoe
3497 3725 3673 3769 com·

2102 3820 2363 3863 munem
2419 3801 2824 3883 providentiae
2890 3802 3201 3864 rationem
3260 3807 3668 3881 exsuperant,

2104 3913 2243 3956 esse
2282 3895 2850 3956 annumerandum.
2884 3897 3115 3972 (Dam.‚
3146 3895 3253 3954 lib.
3285 3897 3325 3956 2
3367 3894 3445 3956 de
3487 3893 3669 3966 Fide,

2104 4009 2160 4052 c.
2184 3991 2263 4050 30
2286 4009 2299 4063 ;
2324 3989 2535 4068 Cyril.‚
2562 3987 2670 4049 lib.
2702 3991 2741 4050 4
2766 3989 2833 4048 in
2850 3990 3061 4062 Joan„
3094 4007 3149 4050 c.
3181 3991 3239 4060 7;
3268 3991 3559 4068 August„
3583 3988 3671 4048 de

2106 4083 2399 4146 Proedcst.
2450 4089 2513 4143 et
2542 4101 2662 4160 gr„
2694 4100 2749 4142 c.
2794 4083 2903 4153 15;
2938 4083 3226 4160 Prosper,
3260 4080 3340 4141 ad
3368 4081 3665 4160 objectio.

2104 4176 2445 4248 Gallorum,
2468 4194 2523 4236 c.
2554 4179 2581 4234 1
2616 4181 2679 4237 et
2708 4179 2775 4235 Η
2802 4194 2818 4247 ;
2844 4174 3082 4248 Faust.,
3104 4175 3211 4235 lib.
3240 4177 3279 4236 2
3304 4174 3381 4236 de
3405 4175 3574 4237 Grat.
3600 4181 3673 4236 et

2111 4270 2217 4331 lib.
2252 4269 2413 4344 arb„
2442 4287 2581 4347 cap.
2614 4270 2684 4340 23
2718 4269 2787 4330 D.
2805 4269 3053 4342 Thom.,
3088 4271 3146 4330 1.
3176 4269 3237 4341 2,
3268 4273 3489 4348 quaest.
3521 4271 3667 4342 ΗΞ,

2110 4366 2227 4424 art.
2250 4364 2339 4440 5.)

2189 4458 2249 4518 8.
2298 4455 2513 4519 ‚Totius
2552 4452 2815 4516 rationis
2879 4453 3164 4518 collectio.
3202 4485 3287 4500 —
3320 4455 3459 4514 Non
3514 4473 3673 4533 ergo

2109 4550 2257 4610 satis
2293 4557 2387 4610 est
2415 4548 2494 4609 ad
2530 4565 2713 4608 usum
2754 4547 2931 4607 liberi
2972 4547 3207 4608 arbitrii
3248 4547 3667 4608 indifferentia

2110 4643 2334 4720 objecti
2358 4659 2469 4701 seu
2490 4639 2742 4720 judicii;
2768 4638 2881 4700 sed
2907 4640 3331 4700 necessarium
3358 4639 3547 4700 etiam
3574 4647 3678 4700 cst

2108 4742 2179 4796 ut
2220 4735 2303 4794 ab
2354 4734 2701 4795 extrinseco
2748 4737 2975 4814 agente
3019 4735 3112 4794 vis
3162 4751 3276 4794 seu
3323 4733 3675 4794 necessitas

2108 4845 2237 4890 non
2274 4827 2597 4888 inferatur.
2637 4827 2809 4890 Unde
2854 4825 3041 4904 hujus
3070 4825 3368 4906 temporis
3394 4827 3672 4886 haeretici

2112 4938 2241 4979 non
2292 4925 2527 4998 negant
2564 4919 2816 4997 quidem
2860 4918 3106 4998 operari
3134 4937 3251 4979 nos
3288 4937 3367 4980 ex
3390 4919 3672 4998 perfecto

2105 5012 2363 5091 judici0,
2403 5017 2463 5073 et
2500 5013 2887 5074 advertentis
2931 5013 3229 5085 rationis;
3263 5013 3675 5091 experiuntur

2114 5107 2278 5168 enim
2311 5125 2377 5166 se
2408 5107 2487 5167 ab
2520 5107 2670 5184 ipsis
2700 5106 2957 5185 objectis
2985 5124 3113 5168 non
3134 5105 3295 5185 cogi,
3329 5125 3537 5186 neque
3565 5127 3674 5169 ne-

2111 5202 2461 5263 cessitatem
2478 5201 2635 5279 pati;
2666 5205 2902 5280 negant
2930 5205 3141 5260 tamen
3166 5218 3279 5260 nos
3302 5201 3499 5261 libere
3524 5219 3676 5281 ope-

2108 5295 2259 5368 rari,
2281 5295 2450 5374 quod
2468 5296 2635 5356 Deus
2656 5312 2768 5355 sua
2794 5293 3201 5373 omnipotenti
3226 5293 3545 5354 voluntate
3564 5312 3675 5355 no·

2108 5391 2207 5451 bis
2253 5389 2691 5450 necessitatem
2723 5388 3022 5466 imponat.
3055 5389 3125 5448 In
3154 5405 3279 5466 quo
3322 5407 3360 5448 a
3402 5387 3675 5450 Catholi-

2111 5484 2198 5544 cis
2226 5501 2351 5544 non
2386 5481 2953 5562 reprehenduntur,
2990 5499 3066 5542 co
3108 5480 3277 5559 quod
3312 5480 3547 5560 aliquid
3576 5501 3675 5544 as-
