3850 6225
499 338 623 404 368

501 450 564 512 Si
629 448 824 509 Adam
881 465 1010 507 non
1069 455 1392 526 peccasset
1414 494 1431 521 ,
1477 448 1762 528 Spiritus
1803 450 2069 510 Sanctus

501 562 628 603 non
671 542 850 603 fieret
891 540 1130 601 homo?
1180 560 1322 602 cum
1369 560 1573 621 neque
1620 561 1696 603 ex
1739 549 1912 621 parte
1962 544 2069 603 ob-

495 636 646 717 jecti
682 635 761 696 sit
795 635 1234 713 repugnantia,
1281 653 1486 714 neque
1542 636 1729 697 etiam
1761 656 1838 697 ex
1891 643 2065 715 parte

504 736 682 791 actus
725 728 936 789 divini.
970 728 1047 791 Ut
1075 728 1243 788 enim
1273 729 1656 808 intelligatur
1689 728 2063 790 determina-

501 822 586 883 tio
617 822 811 882 libera
853 821 934 881 ad
963 821 1217 899 aliquod
1257 822 1594 899 objectum,
1637 840 1764 883 non
1812 840 2065 903 semper

501 914 854 976 necessaria
903 919 994 975 est
1041 914 1224 973 realis
1255 914 1515 975 mutatio
1547 915 1802 993 physica
1847 915 1911 974 in
1958 914 2063 975 illo

501 1009 768 1087 object0‚
803 1012 868 1067 ut
895 1007 1079 1067 latius
1109 1010 1136 1068 1
1171 1013 1368 1087 parte,
1403 1014 1618 1086 quaest.
1659 1010 1755 1081 19,
1781 1007 2061 1069 'ostendi-

500 1108 620 1162 tur.
657 1100 730 1165 Et
754 1106 926 1181 patet
954 1101 1248 1173 breviter,
1282 1101 1504 1179 prima,
1538 1102 1838 1181 exemplis
1872 1120 1886 1162 z
1915 1102 2062 1180 quia

499 1196 787 1257 voluntas
839 1212 964 1272 qua
1010 1194 1175 1255 Deus
1235 1194 1365 1255 vult
1428 1195 1699 1273 aliquem
1755 1195 2058 1275 obligare,

500 1289 736 1349 nullam
778 1288 1188 1349 mutationem
1240 1287 1416 1368 ponit
1455 1290 1521 1347 in
1563 1288 1665 1348 illo
1692 1287 2057 1361 formaliter,

500 1389 564 1444 et
593 1402 670 1445 ex
695 1382 754 1442 vi
771 1400 905 1441 sua.
935 1382 1092 1443 Item
1117 1381 1406 1442 voluntas
1431 1398 1556 1461 qua
1579 1378 1707 1441 vult
1730 1378 1880 1441 dare
1912 1398 2063 1441 con-

499 1494 753 1537 cursum
805 1474 1238 1547 snfficientem,
1293 1482 1598 1553 quantum
1641 1478 1736 1534 est
1773 1492 1850 1535 ex
1885 1478 2065 1551 parte

499 1590 636 1643 sua,
695 1570 760 1629 in
801 1567 972 1628 nulla
1023 1586 1093 1627 re
1145 1568 1320 1647 ponit
1357 1566 1729 1633 ,necessario
1766 1565 2066 1625 mutatio-

499 1681 648 1723 nem
677 1662 939 1733 realcm,
981 1666 1043 1722 et
1073 1660 1160 1721 sic
1204 1660 1281 1721 de
1332 1660 1487 1719 aliis
1541 1659 1717 1719 Ratio
1764 1676 1912 1719 vero
1946 1662 2061 1729 est,

501 1756 671 1833 quia,
705 1754 1007 1833 quidquid
1043 1754 1232 1813 homo
1271 1756 1476 1831 potest
1517 1752 1677 1813 velle
1711 1770 1826 1831 per
1855 1757 2066 1811 muta-

498 1850 736 1909 tionem
767 1848 885 1919 sui,
932 1846 984 1907 si
1013 1845 1264 1907 aliunde
1307 1864 1436 1905 non
1474 1849 1804 1923 repugnet,
1859 1847 2065 1921 potest

501 1943 690 2005 etiam
725 1944 888 2001 Deus
915 1940 1073 2001 velle
1107 1938 1241 1999 sine
1273 1940 1366 1999 sui
1411 1939 1778 2011 mutatione,
1813 1942 2068 2015 propter

501 2054 812 2096 summam
867 2033 1269 2095 eminentiam
1311 2039 1486 2093 actus
1529 2050 1658 2091 suae
1703 2030 2061 2091 voluntatis·

500 2130 709 2191 Potest
731 2133 942 2187 autem
991 2127 1178 2187 horno
1229 2126 1386 2186 velle
1416 2124 1673 2204 aliquid,
1716 2122 1963 2184 etiamsi
2002 2123 2062 2182 in

501 2222 608 2281 illo
637 2220 919 2281 absolute
965 2219 1120 2280 nolit
1169 2218 1573 2279 mutationem
1635 2217 1918 2288 efficere;
1956 2234 2067 2276 cur

503 2332 654 2393 ergo
685 2332 812 2373 non
845 2312 1070 2391 poterit
1100 2311 1267 2371 idem
1297 2312 1460 2385 Deus
1483 2310 1736 2371 facere?
1763 2308 1941 2371 Unde
1972 2326 2067 2369 re·

503 2412 751 2485 spectus
791 2406 893 2467 ille
939 2405 1196 2465 rationis
1225 2423 1352 2465 non
1398 2422 1648 2483 semper
1674 2402 1974 2463 fundatur
2004 2402 2067 2461 in

497 2500 754 2579 physica
785 2498 1128 2559 mutatione
1165 2497 1500 2576 aliquando
1538 2496 1769 2568 futura,
1801 2494 1914 2555 sed
1941 2492 2069 2554 suf-

499 2594 626 2654 ficit
657 2592 966 2653 interdum
1007 2591 1266 2652 mutatio
1315 2590 1590 2663 moraliS,
1631 2608 1770 2670 quoe
1801 2588 2067 2649 sumitur

502 2688 568 2747 in
618 2686 836 2747 ordine
887 2685 969 2746 ad
1021 2684 1392 2764 prudentem
1453 2702 1663 2746 rerum
1715 2680 2067 2743 aestimatio-

501 2798 688 2852 nem;
745 2779 893 2839 etin
926 2776 1214 2859 praesenti
1255 2776 1373 2837 dici
1413 2782 1618 2856 potest
1655 2775 1760 2835 illa
1800 2772 2065 2834 mutatio

501 2872 956 2943 conditionalis,
1003 2871 1150 2950 quia
1189 2871 1484 2930 nimirum
1534 2888 1611 2930 ex
1652 2869 1709 2930 vi
1756 2868 1918 2927 illius
1958 2866 2069 2927 de-

502 2966 652 3027 creti
682 2966 767 3026 ita
799 2965 933 3045 jam
964 2970 1436 3043 compararetur
1467 2962 1725 3022 effectus
1756 2961 1836 3021 ad
1879 2960 2068 3021 talem

501 3078 781 3135 causam,
811 3056 1002 3138 quod,
1029 3057 1232 3138 posita
1261 3056 1386 3130 illa,
1421 3056 1676 3116 omnino
1707 3058 1875 3114 esset
1901 3052 2069 3113 futu-

500 3173 608 3214 rus
649 3173 724 3214 ex
756 3153 818 3214 vi
852 3153 992 3214 talis
1025 3151 1281 3223 decreti,
1312 3168 1456 3210 cum
1480 3155 1692 3210 tamen
1723 3145 1957 3226 alioqui
1986 3145 2065 3207 de

503 3265 570 3308 se
607 3247 846 3306 nonita
873 3263 1010 3305 esse
1043 3243 1310 3305 futurus,

585 3343 682 3401 Η.
721 3337 1003 3403 Secunda
1030 3337 1328 3400 sentencia
1355 3353 1474 3396 non
1501 3330 2060 3417 probatw.—Sed,

501 3432 787 3513 quamvis
817 3431 953 3492 haec
981 3430 1268 3491 voluntas
1309 3427 1593 3489 absolute
1625 3433 1685 3488 et
1713 3427 1774 3486 in
1817 3425 2067 3486 univer-

501 3543 642 3586 snm
671 3541 794 3586 non
822 3523 900 3585 sit
929 3522 1326 3603 impossibilis
1371 3521 1432 3580 in
1463 3521 1616 3594 Dec,
1649 3526 1884 3600 tamen,
1922 3536 2068 3578 cum

501 3619 580 3680 sit
606 3617 805 3679 libera
829 3623 894 3678 et
919 3633 1047 3676 non
1079 3614 1458 3688 neccssaria,
1491 3619 1559 3674 ut
1592 3612 1754 3673 bene
1799 3611 2069 3691 probant

500 3715 872 3790 argumenta
895 3709 1081 3782 facta,
1112 3707 1283 3768 nullo
1312 3705 1640 3768 sufficienti
1656 3703 2066 3765 fundamento

501 3805 848 3866 affirmatur
875 3803 1070 3862 Deum
1116 3799 1350 3862 habere
1389 3799 1513 3861 tale
1553 3797 1874 3858 decretum
1911 3795 2069 3856 libe-

499 3916 640 3959 rum
674 3896 835 3959 circa
878 3895 1088 3956 omnia
1135 3893 1268 3954 hoec
1315 3891 1736 3954 conditionata
1779 3890 2057 3968 objecta;

501 3991 796 4072 supponit
845 4007 996 4068 ergo
1059 3985 1160 4047 hic
1220 3985 1443 4047 modus
1510 3982 1856 4062 explicandi
1915 4001 2068 4064 prae-

499 4083 729 4146 dictam
759 4081 1134 4144 sententiam
1163 4079 1398 4157 aliquid
1427 4079 1755 4151 incertum,
1791 4078 2065 4138 maxime

499 4197 644 4240 cum
671 4173 1030 4256 hujusmodi
1060 4180 1234 4235 actus
1264 4173 1416 4234 nihil
1445 4170 1725 4232 conferat
1747 4169 1830 4232 ad
1851 4189 2065 4232 rerum

499 4269 1050 4350 gubernationem,
1100 4285 1217 4328 nec
1258 4285 1371 4346 per
1412 4283 1558 4326 eum
1615 4265 1778 4326 Deus
1829 4263 2063 4344 aliquid

499 4363 789 4442 disponat
814 4361 980 4422 circa
1010 4379 1112 4422 res
1138 4378 1174 4419 a
1206 4377 1273 4419 se-
1293 4355 1636 4436 gerendas;
1670 4363 1765 4417 est
1793 4376 1944 4435 ergo
1976 4364 2061 4417 ta-

499 4457 573 4518 lis
613 4463 790 4518 actus
814 4455 946 4516 siue
978 4473 1167 4515 cansa
1193 4451 1518 4514 confictus.
1554 4450 1878 4524 Quocirca,
1910 4451 1965 4512 si
1992 4451 2065 4510 li-

497 4549 613 4610 ber
642 4555 758 4621 est,
809 4547 1008 4627 potuit
1053 4565 1181 4607 non
1234 4564 1374 4606 esse
1406 4545 1469 4604 in
1508 4545 1678 4621 Deo;
1726 4543 1918 4617 unde,
1957 4544 2063 4604 illo

501 4661 652 4704 casu
681 4641 903 4722 posite,
957 4659 1086 4700 non
1130 4643 1342 4719 posset
1389 4641 1555 4698 Deus
1597 4637 1831 4698 hahere
1865 4637 2067 4698 scien-

497 4737 652 4797 tiam
694 4734 1236 4806 conditionalium;
1283 4750 1676 4810 consequens
1709 4739 1918 4792 autem
1973 4737 2067 4792 est

497 4829 750 4902 falsum,
796 4827 942 4906 quia
969 4833 1118 4887 tunc
1151 4825 1496 4905 procedunt
1539 4825 1812 4886 rationes
1857 4823 2061 4899 factm,

499 4921 670 5002 quod
700 4921 888 4981 etiam
910 4926 1060 4981 tunc
1092 4919 1300 5000 aliqua
1328 4937 1474 4998 pars
1509 4918 1942 4978 conditionalis
1972 4919 2067 4978 in-

499 5021 594 5078 ter
625 5011 1158 5084 contradictoriae,
1192 5018 1359 5073 esset
1392 5029 1540 5072 vera
1569 5029 1584 5082 ;
1618 5029 1767 5090 ergo
1806 5030 2067 5090 cognos-

499 5114 749 5170 ceretur
774 5126 852 5168 ex
865 5106 924 5166 vi
945 5105 1342 5186 perfectionis
1369 5105 1640 5166 scientiae
1663 5105 1795 5165 Dei.
1825 5105 2065 5166 Deinde

499 5202 653 5263 illud
681 5201 1026 5274 decretum,
1081 5198 1376 5278 praedicto
1415 5197 1602 5258 modo
1643 5199 2063 5276 excogitatum

499 5297 666 5357 circa
717 5293 1162 5364 conditionata,
1207 5309 1336 5352 non
1367 5290 1635 5370 pertinet
1665 5290 1743 5350 ad
1779 5290 2063 5352 intrinse-

499 5407 639 5451 cam
667 5385 1113 5468 perfectionem
1156 5385 1284 5456 Dei,
1341 5401 1485 5445 cum
1516 5383 1593 5444 sit
1643 5381 1908 5444 liberum
1938 5384 2065 5446 for-

496 5483 772 5556 maliter,
807 5482 939 5542 haec
982 5485 1194 5541 autem
1225 5479 1504 5552 scientia,
1552 5477 1872 5556 supposita
1903 5479 2065 5538 veri-

1016 342 1228 397 OPUSC.
1263 346 1326 407 11,
1363 345 1478 399 Lm.
1517 344 1580 399 ΙΙ.
1617 346 1695 397 ΒΕ
1728 344 2013 399 scit-:Nm
2046 344 2501 405 northmanma
2536 350 2760 405 rutuli.
2798 348 3206 403 communiit.

2150 456 2275 515 tate
2303 454 2550 533 objecti,
2581 472 2693 535 per
2730 471 2796 514 se
2844 432 3223 532 pertinef'ad
3264 448 3694 529 perfectionem

2150 546 2283 617 Dei,
2316 566 2428 607 seu
2459 546 2813 607 necessario
2840 544 3169 605 comitatur
3196 544 3390 603 illam.

2232 642 2328 701 12.
2376 640 2629 703 Eva-52⁰0.
2661 670 2743 684 —
2784 640 3042 717 Propter
3073 638 3209 697 haec
3252 636 3461 695 dicunt
3491 636 3697 713 aliqui,
3799 716 3800 725 ἵ

2148 733 2433 811 quamvis
2484 734 2650 793 Deus
2697 751 2863 791 nunc
2906 750 3033 791 non
3084 730 3315 789 habeat
3364 728 3699 789 necessario

2146 828 2269 888 tale
2317 826 2638 888 decretum
2684 825 2847 885 circa
2882 823 3083 884 omniu
3140 823 3387 902 objecta
3424 820 3701 881 conditio·
3799 846 3800 859 κ

2146 920 2336 991 nalia,
2391 936 2771 998 cognoscere
2820 922 3030 978 tamen
3084 914 3237 995 quid
3279 933 3393 974 sua
3432 914 3702 973 voluntas
3799 916 3800 987 j

2146 1014 2475 1074 decretura
2534 1019 2699 1073 esset
2747 1012 2907 1071 circa
2956 1016 3197 1071 creatas
3248 1008 3596 1067 voluntates
3645 1009 3702 1067 in
3799 1052 3800 1067 a

2146 1106 2438 1168 omnibus
2470 1106 2589 1166 illis
2635 1104 3090 1177 occasionibus,
3122 1121 3261 1181 quae
3294 1100 3413 1160 sub
3442 1100 3555 1160 illis
3581 1120 3701 1159 om·
3799 1138 3800 1177 3

2146 1200 2331 1261 nibus
2367 1198 2829 1261 conditionibus
2874 1194 3456 1276 apprehenduntur,
3494 1200 3553 1254 et
3594 1195 3699 1254 hoc

2144 1293 2332 1355 modo
2372 1311 2623 1372 semper
2650 1292 2807 1351 scire
2853 1290 2933 1351 de
2976 1289 3267 1351 omnibus
3296 1286 3701 1347 voluntatibus
3799 1320 3800 1373 j

2148 1388 2372 1449 creatis
2402 1386 2553 1465 qnid
2582 1391 2793 1446 essent
2824 1384 3126 1445 voliturae.

2228 1480 2351 1543 Sed
2384 1480 2515 1540 haec
2554 1476 2903 1557 responsio,
2936 1482 3162 1557 praeter
3192 1474 3349 1535 alias
3391 1473 3701 1533 difficulta-

2146 1580 2241 1633 tes
2266 1572 2427 1633 infra
2454 1572 2873 1647 attingendae,
2896 1568 3189 1647 relinquit
3216 1566 3401 1627 nobis
3430 1566 3699 1626 eamdem

2146 1666 2553 1745 quoestionem
2576 1663 2655 1724 de
2676 1663 2945 1741 ipsamet
2968 1662 3286 1721 voluntate
3314 1659 3546 1732 divina,
3570 1678 3703 1737 quo-

2146 1760 2358 1831 modo,
2380 1758 2637 1832 scilicet,
2666 1756 2743 1818 de
2770 1757 2927 1835 ipsa,
2953 1774 3093 1815 cum
3118 1754 3376 1815 omnino
3402 1752 3593 1811 libera
3614 1753 3697 1822 sit,

2146 1857 2563 1932 cognoscatur
2606 1848 2757 1927 quid
2793 1854 2958 1909 esset
2988 1849 3253 1911 volitura
3284 1846 3349 1905 in
3394 1846 3499 1905 tali
3544 1865 3699 1904 occa-

2148 1946 2346 2017 sione,
2378 1945 2427 2005 si
2458 1962 2627 2003 nunc
2655 1961 2783 2003 non
2820 1940 3185 2019 intelligitur
3212 1940 3448 1999 habere
3479 1939 3699 1998 actuale

2148 2038 2536 2119 propositum
2586 2035 2739 2096 illud
2786 2034 3056 2095 faciendi
3102 2034 3169 2094 in
3216 2033 3322 2092 illa
3368 2033 3696 2093 occasione.

2146 2129 2549 2210 Respondent
2586 2129 2803 2209 aliqui,
2850 2127 3039 2188 etiam
3084 2145 3161 2187 ex
3198 2124 3521 2186 modernis
3560 2124 3701 2185 Seri-

2146 2226 2452 2305 ptoribuS,
2482 2224 2603 2285 hoc
2632 2240 3011 2303 cognoscere
3036 2222 3237 2281 Deum
3263 2219 3341 2279 de
3370 2238 3485 2279 sua
3511 2219 3701 2278 volun-

2148 2326 2277 2381 tate
2303 2320 2367 2380 in
2398 2314 2960 2397 comprehensione
2994 2334 3122 2376 suae
3154 2314 3473 2389 essentiae,
3506 2320 3565 2373 et
3590 2331 3703 2372 om·

2148 2413 2325 2472 nium
2364 2430 2503 2491 quae
2542 2412 2603 2471 in
2636 2410 2749 2471 ina
2770 2412 3327 2489 repraesentantur,
3366 2414 3429 2467 et
3460 2424 3701 2485 praeser-

2148 2506 2259 2568 tim
2284 2506 2345 2565 in
2370 2524 2483 2567 suo
2502 2504 2739 2585 judicio
2764 2507 2825 2565 et
2842 2505 3085 2565 ratione
3110 2509 3376 2579 citerna,
3402 2520 3518 2579 per
3534 2518 3697 2578 quam
3799 2552 3800 2565 ,

2150 2599 2471 2679 cognoscit
2519 2598 2671 2677 quid
2724 2598 2801 2659 sit
2850 2597 3075 2659 melius
3114 2596 3349 2667 facere,
3386 2594 3567 2665 velle,
3611 2602 3699 2654 aut
3799 2622 3800 2625 ¹

2148 2692 2506 2773 permittere
2547 2692 2609 2751 in
2640 2690 2811 2751 omni
2848 2689 3205 2761 occasione;
3242 2693 3305 2749 et
3338 2705 3701 2765 consequen-

2149 2791 2245 2846 ter
2282 2785 2397 2845 scit
2422 2784 2804 2845 voluntatem
2840 2801 3019 2843 suam
3050 2782 3113 2841 id
3142 2780 3335 2841 fuisse
3366 2781 3693 2841 valituram.
3799 2838 3800 2847 ,

2151 2879 2271 2940 Alii
2296 2896 2445 2939 vero
2486 2878 2881 2939 distinctione
2920 2880 3181 2937 utuntur
3214 2894 3229 2935 ε
3264 2893 3417 2949 nam
3460 2872 3552 2933 vel
3580 2892 3703 2931 ron·
3799 2872 3800 2875 ’

2149 2971 2300 3032 ditio
2348 2970 2709 3049 (inquiunt)
2758 2970 2899 3031 talis
2948 2974 3065 3042 est,
3102 2975 3171 3029 ut
3210 2968 3455 3027 nullam
3501 2966 3703 3025 habeat
3799 2998 3800 3019 ι

2152 3064 2609 3126 connexionem
2645 3081 2848 3142 neque
2880 3061 3161 3125 ordinem
3192 3060 3275 3122 ad
3314 3058 3703 3130 voluntatem,

2150 3155 2214 3244 id
2257 3162 2372 3233 est,
2406 3155 2577 3235 quod
2624 3156 2703 3218 de
2736 3174 2803 3218 se
2845 3174 3053 3235 neque
3096 3153 3339 3216 confert
3384 3153 3703 3232 quidquam

2150 3248 2232 3309 ad
2266 3249 2440 3310 illam
2468 3249 2867 3320 movendam,
2898 3247 3447 3309 determinandam
3478 3265 3583 3306 seu
3612 3245 3703 3304 im-

2146 3340 2549 3421 pediendam,
2600 3341 2701 3402 vel
2756 3341 2837 3402 ad
2887 3341 3007 3401 hoc
3056 3339 3293 3418 aliquid
3344 3339 3601 3400 confert.
3644 3339 3702 3396 In

2148 3436 2337 3516 priori
2369 3443 2625 3510 eventu,
2652 3443 2879 3516 negant
2910 3436 3111 3496 Deum
3150 3452 3537 3513 cognoscere
3574 3431 3703 3510 quid

2150 3536 2317 3592 esset
2342 3530 2668 3602 volumus,
2704 3536 2772 3590 ut
2804 3527 3007 3607 (verbi
3040 3527 3303 3608 gratia),
3334 3526 3399 3585 in
3430 3527 3549 3586 hac
3580 3544 3701 3604 pro-

2153 3623 2457 3703 positione
2490 3641 2504 3682 :
2538 3621 2601 3684 si
2632 3621 2832 3684 Adam
2878 3640 3009 3682 non
3049 3627 3364 3700 peccaret,
3398 3639 3481 3679 an
3508 3619 3701 3680 decer—

2152 3722 2329 3778 neret
2368 3717 2537 3776 Deus
2578 3722 2648 3775 ut
2680 3715 2945 3795 Spiritus
2976 3714 3240 3775 Sanctus
3272 3711 3457 3772 fieret
3502 3711 3693 3782 homo;

2150 3810 2297 3889 qnia
2321 3809 2426 3869 illa
2448 3807 2718 3868 conditio
2743 3805 3173 3868 nihilomnino
3200 3803 3445 3866 confert
3462 3805 3697 3866 adhanc

2148 3901 2533 3964 voluntatem
2568 3920 2581 3960 :
2616 3891 2747 3961 imo
2791 3901 2985 3980 aliqui
3030 3900 3389 3962 existimant
3438 3918 3565 3960 non
3608 3917 3697 3976 po-

2148 3996 2339 4058 tuisse
2387 3996 2588 4055 Deum
2634 3993 2870 4054 habere
2920 3994 3041 4054 hoc
3096 3989 3343 4054 actuale
3399 3991 3694 4052 decretum
3799 4011 3800 4014 ¹

2149 4086 2309 4148 circa
2369 4085 2540 4146 illam
2590 4085 3073 4146 conditionalem
3122 4090 3385 4162 propter
3434 4082 3693 4143 eamdem
3799 4151 3800 4164 χ

2149 4181 2480 4242 rationem.
2521 4181 2598 4240 At
2644 4197 2795 4240 vero
2836 4179 2897 4238 in
2950 4177 3276 4256 posteriori
3328 4195 3507 4250 casu,
3551 4175 3695 4234 aiunt

2144 4274 2347 4335 Deum
2390 4289 2768 4352 cognoscere
2812 4289 2995 4331 suum
3038 4269 3388 4342 decretum,
3428 4269 3531 4329 vel
3562 4285 3695 4346 prae-

2146 4364 2308 4426 dicto
2338 4363 2549 4434 mode,
2577 4363 2679 4423 vel
2702 4363 2767 4424 in
2796 4363 2931 4442 ipsa
2959 4380 3173 4424 rerum
3200 4362 3615 4428 connexione;
3642 4367 3695 4416 ut

2146 4459 2209 4520 in
2238 4459 2342 4520 illa
2383 4457 2787 4519 conditionali
2826 4476 2839 4516 :
2878 4459 2939 4519 Si
2972 4457 3033 4517 in
3061 4457 3226 4535 Tyro
3256 4463 3320 4516 et
3348 4454 3577 4516 Sidone
3604 4452 3695 4512 fie-

2147 4558 2289 4613 rent
2334 4551 2533 4630 signa,
2583 4551 2932 4623 crederent,
2980 4549 3299 4628 cognoscit
3338 4549 3507 4607 Deus
3552 4543 3694 4624 quod

2150 4645 2339 4706 etiam
2384 4644 2518 4723 ipse
2566 4648 2968 4704 concurreret
2996 4661 3143 4703 cum
3178 4640 3301 4702 illis
3334 4639 3417 4701 ad
3458 4638 3694 4700 creden-

2146 4737 2324 4814 dum,
2345 4735 2443 4796 vel
2465 4735 2837 4797 decerneret
2856 4741 2919 4796 ut
2946 4735 3305 4806 crederent;
3334 4733 3479 4812 quia
3510 4751 3581 4792 ex
3602 4749 3694 4789 na—

2146 4837 2287 4891 tura
2319 4829 2411 4889 rei
2454 4827 2555 4889 ille
2598 4827 2857 4890 effectus
2886 4828 3149 4890 haberet
3182 4827 3463 4906 aliquam
3493 4841 3693 4886 conne-

2145 4921 2397 4983 xionem
2440 4939 2585 4982 cum
2626 4921 2943 4982 voluntate
2970 4921 3303 4999 Tyriorum
3334 4923 3397 4980 et
3434 4917 3691 4980 Sidonio-

2144 5033 2308 5086 rum,
2353 5019 2414 5075 et
2457 5021 2915 5093 consequenter
2960 5032 3103 5074 cum
3144 5031 3455 5074 concursu
3504 5017 3562 5072 et
3603 5009 3693 5069 de—

2148 5115 2320 5170 creto
2348 5107 2543 5186 ipsius
2574 5107 2707 5168 Dei.

2228 5203 2324 5264 13.
2373 5201 2724 5274 Refellitur.
2791 5233 2875 5247 —
2924 5200 3046 5263 Sed
3100 5203 3234 5262 haec
3286 5202 3500 5261 omnia
3556 5198 3687 5258 falsa

2145 5301 2311 5366 sunt,
2346 5300 2407 5356 et
2437 5295 2845 5356 difficiliorem
2877 5315 2951 5356 ac
2980 5295 3407 5356 obscuriorem
3446 5291 3688 5354 reddunt

2142 5389 2308 5449 hanc
2341 5407 2505 5460 rem;
2535 5407 2683 5448 nam
2720 5387 3026 5467 imprimis
3051 5387 3221 5466 qnod
3264 5387 3583 5448 dicebatur
3621 5383 3684 5442 de

2144 5481 2497 5561 cognitione
2544 5479 2777 5542 decreti
2816 5481 3002 5542 divini
3047 5481 3111 5541 in
3148 5480 3388 5560 judicio
3436 5488 3495 5542 et
3538 5495 3683 5538 com-
