<?xml version="1.0" encoding="UTF-8"?>
<!DOCTYPE html PUBLIC "-//W3C//DTD XHTML 1.0 Transitional//EN"
    "http://www.w3.org/TR/xhtml1/DTD/xhtml1-transitional.dtd">
<html xmlns="http://www.w3.org/1999/xhtml" xml:lang="en" lang="en">
 <head>
  <title>
</title>
<meta http-equiv="Content-Type" content="text/html;charset=utf-8" />
  <meta name='ocr-system' content='tesseract 3.04.00' />
  <meta name='ocr-capabilities' content='ocr_page ocr_carea ocr_par ocr_line ocrx_word'/>
</head>
<body>
  <div class='ocr_page' id='page_1' title='image "./rpfranciscisuar01duvagoog_0272.png"; bbox 0 0 3850 6225; ppageno 0'>
   <div class='ocr_carea' id='block_1_1' title="bbox 497 336 2087 3410">
    <p class='ocr_par' dir='ltr' id='par_1_1' title="bbox 521 336 641 398">
     <span class='ocr_line' id='line_1_1' title="bbox 521 336 641 398; baseline 0 0"><span class='ocrx_word' id='word_1_1' title='bbox 521 336 641 398; x_wconf 77' lang='lat'>258</span> 
     </span>
    </p>

    <p class='ocr_par' dir='ltr' id='par_1_2' title="bbox 497 441 2087 3410">
     <span class='ocr_line' id='line_1_2' title="bbox 599 441 2085 524; baseline 0.001 -20"><span class='ocrx_word' id='word_1_2' title='bbox 599 445 698 504; x_wconf 75' lang='lat'>20.</span> <span class='ocrx_word' id='word_1_3' title='bbox 745 441 1120 504; x_wconf 88' lang='lat' dir='ltr'>Addendum</span> <span class='ocrx_word' id='word_1_4' title='bbox 1148 461 1296 504; x_wconf 80' lang='lat' dir='ltr'>vero</span> <span class='ocrx_word' id='word_1_5' title='bbox 1323 444 1586 506; x_wconf 88' lang='lat' dir='ltr'>ulterius</span> <span class='ocrx_word' id='word_1_6' title='bbox 1607 451 1701 506; x_wconf 87' lang='lat' dir='ltr'>est</span> <span class='ocrx_word' id='word_1_7' title='bbox 1717 446 1901 506; x_wconf 90' lang='lat' dir='ltr'>simul</span> <span class='ocrx_word' id='word_1_8' title='bbox 1931 463 2085 524; x_wconf 82' lang='lat' dir='ltr'>prae-</span> 
     </span>
     <span class='ocr_line' id='line_1_3' title="bbox 519 536 2085 614; baseline 0.001 -17"><span class='ocrx_word' id='word_1_9' title='bbox 519 537 745 597; x_wconf 83' lang='lat' dir='ltr'>vidisse</span> <span class='ocrx_word' id='word_1_10' title='bbox 781 537 978 596; x_wconf 90' lang='lat' dir='ltr'>Deum</span> <span class='ocrx_word' id='word_1_11' title='bbox 1003 582 1019 602; x_wconf 82' lang='lat'>,</span> <span class='ocrx_word' id='word_1_12' title='bbox 1066 536 1345 597; x_wconf 88' lang='lat' dir='ltr'>similiter</span> <span class='ocrx_word' id='word_1_13' title='bbox 1395 537 1513 598; x_wconf 88' lang='lat' dir='ltr'>sub</span> <span class='ocrx_word' id='word_1_14' title='bbox 1567 538 1922 600; x_wconf 86' lang='lat' dir='ltr'>conditione</span> <span class='ocrx_word' id='word_1_15' title='bbox 1948 583 1967 614; x_wconf 95' lang='lat'>,</span> <span class='ocrx_word' id='word_1_16' title='bbox 2006 556 2085 599; x_wconf 88' lang='lat' dir='ltr'>ex</span> 
     </span>
     <span class='ocr_line' id='line_1_4' title="bbox 519 630 2085 711; baseline 0.001 -21"><span class='ocrx_word' id='word_1_17' title='bbox 519 631 810 690; x_wconf 89' lang='lat' dir='ltr'>omnibus</span> <span class='ocrx_word' id='word_1_18' title='bbox 838 630 974 689; x_wconf 89' lang='lat' dir='ltr'>aliis</span> <span class='ocrx_word' id='word_1_19' title='bbox 994 630 1374 702; x_wconf 90' lang='lat' dir='ltr'>hominibus,</span> <span class='ocrx_word' id='word_1_20' title='bbox 1395 632 1445 691; x_wconf 91' lang='lat' dir='ltr'>si</span> <span class='ocrx_word' id='word_1_21' title='bbox 1461 639 1944 711; x_wconf 88' lang='lat' dir='ltr'>procrearentur</span> <span class='ocrx_word' id='word_1_22' title='bbox 1956 632 2085 692; x_wconf 75' lang='lat' dir='ltr'>&#39;sub</span> 
     </span>
     <span class='ocr_line' id='line_1_5' title="bbox 519 722 2087 802; baseline 0.001 -18"><span class='ocrx_word' id='word_1_23' title='bbox 519 722 625 784; x_wconf 86' lang='lat' dir='ltr'>tali</span> <span class='ocrx_word' id='word_1_24' title='bbox 675 722 894 783; x_wconf 80' lang='lat' dir='ltr'><strong>ordine</strong></span> <span class='ocrx_word' id='word_1_25' title='bbox 929 728 991 782; x_wconf 88' lang='lat' dir='ltr'>et</span> <span class='ocrx_word' id='word_1_26' title='bbox 1043 723 1435 802; x_wconf 77' lang='lat' dir='ltr'>providentia</span> <span class='ocrx_word' id='word_1_27' title='bbox 1467 743 1706 798; x_wconf 91' lang='lat' dir='ltr'>rerum,</span> <span class='ocrx_word' id='word_1_28' title='bbox 1735 729 1866 785; x_wconf 87' lang='lat' dir='ltr'>tam</span> <span class='ocrx_word' id='word_1_29' title='bbox 1899 731 2087 785; x_wconf 86' lang='lat' dir='ltr'>natu-</span> 
     </span>
     <span class='ocr_line' id='line_1_6' title="bbox 518 813 2085 895; baseline 0.001 -19"><span class='ocrx_word' id='word_1_30' title='bbox 518 833 602 876; x_wconf 80' lang='lat' dir='ltr'>rae</span> <span class='ocrx_word' id='word_1_31' title='bbox 631 832 820 894; x_wconf 90' lang='lat' dir='ltr'>quam</span> <span class='ocrx_word' id='word_1_32' title='bbox 848 813 1085 894; x_wconf 77' lang='lat' dir='ltr'>gratiae,</span> <span class='ocrx_word' id='word_1_33' title='bbox 1115 816 1359 876; x_wconf 90' lang='lat' dir='ltr'>nullum</span> <span class='ocrx_word' id='word_1_34' title='bbox 1382 823 1608 895; x_wconf 85' lang='lat' dir='ltr'>praeter</span> <span class='ocrx_word' id='word_1_35' title='bbox 1637 817 1869 878; x_wconf 90' lang='lat' dir='ltr'>electos</span> <span class='ocrx_word' id='word_1_36' title='bbox 1891 817 2085 878; x_wconf 84' lang='lat' dir='ltr'>fuisse</span> 
     </span>
     <span class='ocr_line' id='line_1_7' title="bbox 519 907 2086 978; baseline 0.003 -12"><span class='ocrx_word' id='word_1_37' title='bbox 519 907 911 978; x_wconf 79' lang='lat' dir='ltr'>salvandum,</span> <span class='ocrx_word' id='word_1_38' title='bbox 957 926 1033 968; x_wconf 79' lang='lat' dir='ltr'>ex</span> <span class='ocrx_word' id='word_1_39' title='bbox 1065 908 1198 968; x_wconf 88' lang='lat' dir='ltr'>solo</span> <span class='ocrx_word' id='word_1_40' title='bbox 1238 909 1439 970; x_wconf 91' lang='lat' dir='ltr'>abusu</span> <span class='ocrx_word' id='word_1_41' title='bbox 1471 928 1600 970; x_wconf 85' lang='lat' dir='ltr'>suae</span> <span class='ocrx_word' id='word_1_42' title='bbox 1631 910 1953 972; x_wconf 72' lang='lat' dir='ltr'><strong>libertatis.</strong></span> <span class='ocrx_word' id='word_1_43' title='bbox 1990 911 2086 971; x_wconf 85' lang='lat' dir='ltr'>Si·-</span> 
     </span>
     <span class='ocr_line' id='line_1_8' title="bbox 517 994 2083 1083; baseline 0.003 -23"><span class='ocrx_word' id='word_1_44' title='bbox 517 1001 774 1080; x_wconf 90' lang='lat' dir='ltr'>mulque</span> <span class='ocrx_word' id='word_1_45' title='bbox 814 1001 932 1060; x_wconf 91' lang='lat' dir='ltr'>sub</span> <span class='ocrx_word' id='word_1_46' title='bbox 962 1001 1184 1062; x_wconf 87' lang='lat' dir='ltr'>eadem</span> <span class='ocrx_word' id='word_1_47' title='bbox 1219 1003 1572 1065; x_wconf 89' lang='lat' dir='ltr'>conditione</span> <span class='ocrx_word' id='word_1_48' title='bbox 1602 994 1979 1083; x_wconf 51' lang='lat' dir='ltr'>praevidisse,</span> <span class='ocrx_word' id='word_1_49' title='bbox 2030 1003 2083 1064; x_wconf 88' lang='lat' dir='ltr'>si</span> 
     </span>
     <span class='ocr_line' id='line_1_9' title="bbox 515 1094 2075 1178; baseline 0.003 -25"><span class='ocrx_word' id='word_1_50' title='bbox 515 1094 662 1156; x_wconf 89' lang='lat' dir='ltr'>huic</span> <span class='ocrx_word' id='word_1_51' title='bbox 680 1096 980 1156; x_wconf 89' lang='lat' dir='ltr'>darentur</span> <span class='ocrx_word' id='word_1_52' title='bbox 1000 1096 1148 1156; x_wconf 88' lang='lat' dir='ltr'>talia</span> <span class='ocrx_word' id='word_1_53' title='bbox 1175 1097 1404 1158; x_wconf 84' lang='lat' dir='ltr'>auxilia</span> <span class='ocrx_word' id='word_1_54' title='bbox 1428 1099 1534 1160; x_wconf 88' lang='lat' dir='ltr'>tali</span> <span class='ocrx_word' id='word_1_55' title='bbox 1559 1104 1863 1178; x_wconf 87' lang='lat' dir='ltr'>tempore,</span> <span class='ocrx_word' id='word_1_56' title='bbox 1881 1099 2075 1158; x_wconf 88' lang='lat' dir='ltr'>fuisse</span> 
     </span>
     <span class='ocr_line' id='line_1_10' title="bbox 516 1189 2081 1271; baseline 0.003 -23"><span class='ocrx_word' id='word_1_57' title='bbox 516 1189 734 1250; x_wconf 87' lang='lat' dir='ltr'>saltem</span> <span class='ocrx_word' id='word_1_58' title='bbox 765 1189 1168 1264; x_wconf 86' lang='lat' dir='ltr'>crediturum,</span> <span class='ocrx_word' id='word_1_59' title='bbox 1217 1191 1610 1265; x_wconf 88' lang='lat' dir='ltr'>dilecturum,</span> <span class='ocrx_word' id='word_1_60' title='bbox 1641 1193 1742 1252; x_wconf 86' lang='lat' dir='ltr'>vel</span> <span class='ocrx_word' id='word_1_61' title='bbox 1786 1197 2081 1271; x_wconf 87' lang='lat' dir='ltr'>operatu-</span> 
     </span>
     <span class='ocr_line' id='line_1_11' title="bbox 511 1284 2081 1364; baseline 0.002 -23"><span class='ocrx_word' id='word_1_62' title='bbox 511 1298 678 1354; x_wconf 90' lang='lat' dir='ltr'>rum,</span> <span class='ocrx_word' id='word_1_63' title='bbox 698 1288 815 1342; x_wconf 86' lang='lat' dir='ltr'>ete.</span> <span class='ocrx_word' id='word_1_64' title='bbox 828 1327 843 1354; x_wconf 94' lang='lat'>,</span> <span class='ocrx_word' id='word_1_65' title='bbox 862 1284 1148 1360; x_wconf 87' lang='lat' dir='ltr'>quamvis</span> <span class='ocrx_word' id='word_1_66' title='bbox 1168 1302 1296 1344; x_wconf 90' lang='lat' dir='ltr'>non</span> <span class='ocrx_word' id='word_1_67' title='bbox 1310 1291 1882 1364; x_wconf 82' lang='lat' dir='ltr'>perseveraturum.</span> <span class='ocrx_word' id='word_1_68' title='bbox 1903 1286 2081 1347; x_wconf 85' lang='lat' dir='ltr'>Stan-</span> 
     </span>
     <span class='ocr_line' id='line_1_12' title="bbox 513 1375 2082 1455; baseline 0.002 -20"><span class='ocrx_word' id='word_1_69' title='bbox 513 1380 744 1454; x_wconf 88' lang='lat' dir='ltr'>teergo</span> <span class='ocrx_word' id='word_1_70' title='bbox 793 1375 913 1436; x_wconf 88' lang='lat' dir='ltr'>hac</span> <span class='ocrx_word' id='word_1_71' title='bbox 956 1375 1359 1455; x_wconf 86' lang='lat' dir='ltr'>praeseientia</span> <span class='ocrx_word' id='word_1_72' title='bbox 1405 1377 1852 1452; x_wconf 78' lang='lat' dir='ltr'>conditionata,</span> <span class='ocrx_word' id='word_1_73' title='bbox 1884 1377 2082 1438; x_wconf 82' lang='lat' dir='ltr'>voluit</span> 
     </span>
     <span class='ocr_line' id='line_1_13' title="bbox 513 1467 2081 1546; baseline 0.001 -19"><span class='ocrx_word' id='word_1_74' title='bbox 513 1467 770 1546; x_wconf 89' lang='lat' dir='ltr'>quidem</span> <span class='ocrx_word' id='word_1_75' title='bbox 811 1469 978 1529; x_wconf 88' lang='lat' dir='ltr'>Deus</span> <span class='ocrx_word' id='word_1_76' title='bbox 1009 1468 1412 1530; x_wconf 88' lang='lat' dir='ltr'>nihilominus</span> <span class='ocrx_word' id='word_1_77' title='bbox 1459 1489 1588 1531; x_wconf 90' lang='lat' dir='ltr'>non</span> <span class='ocrx_word' id='word_1_78' title='bbox 1617 1471 1769 1532; x_wconf 88' lang='lat' dir='ltr'>dare</span> <span class='ocrx_word' id='word_1_79' title='bbox 1817 1471 1915 1531; x_wconf 89' lang='lat' dir='ltr'>his</span> <span class='ocrx_word' id='word_1_80' title='bbox 1966 1471 2081 1530; x_wconf 91' lang='lat' dir='ltr'>ho-</span> 
     </span>
     <span class='ocr_line' id='line_1_14' title="bbox 511 1561 2079 1642; baseline 0.002 -21"><span class='ocrx_word' id='word_1_81' title='bbox 511 1561 782 1622; x_wconf 89' lang='lat' dir='ltr'>minibus</span> <span class='ocrx_word' id='word_1_82' title='bbox 799 1563 1040 1642; x_wconf 87' lang='lat' dir='ltr'>maj0ra</span> <span class='ocrx_word' id='word_1_83' title='bbox 1055 1562 1307 1636; x_wconf 85' lang='lat' dir='ltr'>auxilia,</span> <span class='ocrx_word' id='word_1_84' title='bbox 1337 1563 1538 1625; x_wconf 77' lang='lat' dir='ltr'>velex</span> <span class='ocrx_word' id='word_1_85' title='bbox 1569 1581 1646 1624; x_wconf 93' lang='lat' dir='ltr'>eo</span> <span class='ocrx_word' id='word_1_86' title='bbox 1673 1563 1876 1625; x_wconf 89' lang='lat' dir='ltr'>solum</span> <span class='ocrx_word' id='word_1_87' title='bbox 1907 1562 2079 1642; x_wconf 86' lang='lat' dir='ltr'>quod</span> 
     </span>
     <span class='ocr_line' id='line_1_15' title="bbox 511 1655 2079 1730; baseline 0.001 -16"><span class='ocrx_word' id='word_1_88' title='bbox 511 1672 588 1714; x_wconf 90' lang='lat' dir='ltr'>ea</span> <span class='ocrx_word' id='word_1_89' title='bbox 625 1672 754 1716; x_wconf 92' lang='lat' dir='ltr'>non</span> <span class='ocrx_word' id='word_1_90' title='bbox 788 1655 1079 1730; x_wconf 90' lang='lat' dir='ltr'>debebat,</span> <span class='ocrx_word' id='word_1_91' title='bbox 1113 1662 1180 1717; x_wconf 89' lang='lat' dir='ltr'>ut</span> <span class='ocrx_word' id='word_1_92' title='bbox 1203 1673 1341 1717; x_wconf 91' lang='lat' dir='ltr'>sese</span> <span class='ocrx_word' id='word_1_93' title='bbox 1386 1656 1708 1718; x_wconf 85' lang='lat' dir='ltr'>dominum</span> <span class='ocrx_word' id='word_1_94' title='bbox 1749 1663 1812 1718; x_wconf 85' lang='lat' dir='ltr'>et</span> <span class='ocrx_word' id='word_1_95' title='bbox 1848 1656 2079 1718; x_wconf 90' lang='lat' dir='ltr'>libera-</span> 
     </span>
     <span class='ocr_line' id='line_1_16' title="bbox 509 1747 2076 1829; baseline 0.001 -21"><span class='ocrx_word' id='word_1_96' title='bbox 509 1747 636 1808; x_wconf 90' lang='lat' dir='ltr'>lem</span> <span class='ocrx_word' id='word_1_97' title='bbox 685 1747 968 1810; x_wconf 86' lang='lat' dir='ltr'>datorem</span> <span class='ocrx_word' id='word_1_98' title='bbox 1007 1767 1134 1810; x_wconf 82' lang='lat' dir='ltr'>suae</span> <span class='ocrx_word' id='word_1_99' title='bbox 1186 1749 1400 1829; x_wconf 79' lang='lat' dir='ltr'>gratiae</span> <span class='ocrx_word' id='word_1_100' title='bbox 1445 1750 1840 1822; x_wconf 84' lang='lat' dir='ltr'>ostenderet;</span> <span class='ocrx_word' id='word_1_101' title='bbox 1889 1750 2076 1810; x_wconf 89' lang='lat' dir='ltr'>simul</span> 
     </span>
     <span class='ocr_line' id='line_1_17' title="bbox 510 1841 2073 1922; baseline 0.002 -22"><span class='ocrx_word' id='word_1_102' title='bbox 510 1843 746 1912; x_wconf 87' lang='lat' dir='ltr'>tamen,</span> <span class='ocrx_word' id='word_1_103' title='bbox 797 1842 898 1902; x_wconf 84' lang='lat' dir='ltr'>vel</span> <span class='ocrx_word' id='word_1_104' title='bbox 937 1841 1017 1902; x_wconf 85' lang='lat' dir='ltr'>ad</span> <span class='ocrx_word' id='word_1_105' title='bbox 1066 1842 1356 1904; x_wconf 90' lang='lat' dir='ltr'>eamdem</span> <span class='ocrx_word' id='word_1_106' title='bbox 1383 1842 1821 1904; x_wconf 80' lang='lat' dir='ltr'>liberalitatem</span> <span class='ocrx_word' id='word_1_107' title='bbox 1861 1842 2073 1922; x_wconf 85' lang='lat' dir='ltr'>aliqua</span> 
     </span>
     <span class='ocr_line' id='line_1_18' title="bbox 507 1935 2072 2015; baseline 0.001 -20"><span class='ocrx_word' id='word_1_108' title='bbox 507 1953 584 1996; x_wconf 88' lang='lat' dir='ltr'>ex</span> <span class='ocrx_word' id='word_1_109' title='bbox 605 1939 780 2014; x_wconf 90' lang='lat' dir='ltr'>parte</span> <span class='ocrx_word' id='word_1_110' title='bbox 809 1953 952 1996; x_wconf 90' lang='lat' dir='ltr'>cum</span> <span class='ocrx_word' id='word_1_111' title='bbox 977 1937 1261 2015; x_wconf 86' lang='lat' dir='ltr'>reprobis</span> <span class='ocrx_word' id='word_1_112' title='bbox 1289 1935 1836 2012; x_wconf 80' lang='lat' dir='ltr'>manifestandam,</span> <span class='ocrx_word' id='word_1_113' title='bbox 1863 1935 1965 1996; x_wconf 84' lang='lat' dir='ltr'>vel</span> <span class='ocrx_word' id='word_1_114' title='bbox 1990 1937 2072 1996; x_wconf 91' lang='lat' dir='ltr'>ad</span> 
     </span>
     <span class='ocr_line' id='line_1_19' title="bbox 507 2028 2064 2107; baseline 0.001 -20"><span class='ocrx_word' id='word_1_115' title='bbox 507 2029 813 2106; x_wconf 84' lang='lat' dir='ltr'>majorem</span> <span class='ocrx_word' id='word_1_116' title='bbox 847 2028 1357 2106; x_wconf 87' lang='lat' dir='ltr'>justificationem</span> <span class='ocrx_word' id='word_1_117' title='bbox 1375 2028 1756 2107; x_wconf 89' lang='lat' dir='ltr'>judiciorum</span> <span class='ocrx_word' id='word_1_118' title='bbox 1781 2046 2064 2101; x_wconf 89' lang='lat' dir='ltr'>suorum,</span> 
     </span>
     <span class='ocr_line' id='line_1_20' title="bbox 505 2120 2071 2201; baseline 0.002 -22"><span class='ocrx_word' id='word_1_119' title='bbox 505 2121 606 2181; x_wconf 86' lang='lat' dir='ltr'>vel</span> <span class='ocrx_word' id='word_1_120' title='bbox 647 2127 900 2200; x_wconf 88' lang='lat' dir='ltr'>propter</span> <span class='ocrx_word' id='word_1_121' title='bbox 927 2121 1080 2182; x_wconf 87' lang='lat' dir='ltr'>alios</span> <span class='ocrx_word' id='word_1_122' title='bbox 1109 2120 1269 2182; x_wconf 87' lang='lat' dir='ltr'>fines</span> <span class='ocrx_word' id='word_1_123' title='bbox 1299 2121 1418 2182; x_wconf 91' lang='lat' dir='ltr'>sibi</span> <span class='ocrx_word' id='word_1_124' title='bbox 1445 2122 1750 2201; x_wconf 80' lang='lat' dir='ltr'>cognitoS,</span> <span class='ocrx_word' id='word_1_125' title='bbox 1775 2121 1971 2183; x_wconf 80' lang='lat' dir='ltr'>voluit</span> <span class='ocrx_word' id='word_1_126' title='bbox 1994 2121 2071 2182; x_wconf 91' lang='lat' dir='ltr'>fi-</span> 
     </span>
     <span class='ocr_line' id='line_1_21' title="bbox 506 2212 2067 2294; baseline 0.001 -21"><span class='ocrx_word' id='word_1_127' title='bbox 506 2212 650 2274; x_wconf 88' lang='lat' dir='ltr'>dem</span> <span class='ocrx_word' id='word_1_128' title='bbox 679 2215 776 2274; x_wconf 87' lang='lat' dir='ltr'>vel</span> <span class='ocrx_word' id='word_1_129' title='bbox 815 2215 1118 2292; x_wconf 86' lang='lat' dir='ltr'>justitiam</span> <span class='ocrx_word' id='word_1_130' title='bbox 1147 2215 1250 2274; x_wconf 87' lang='lat' dir='ltr'>tali</span> <span class='ocrx_word' id='word_1_131' title='bbox 1280 2214 1467 2275; x_wconf 90' lang='lat' dir='ltr'>modo</span> <span class='ocrx_word' id='word_1_132' title='bbox 1499 2215 1600 2274; x_wconf 81' lang='lat' dir='ltr'>vel</span> <span class='ocrx_word' id='word_1_133' title='bbox 1640 2214 1748 2276; x_wconf 90' lang='lat' dir='ltr'>tali</span> <span class='ocrx_word' id='word_1_134' title='bbox 1781 2220 2067 2294; x_wconf 85' lang='lat' dir='ltr'>tempore</span> 
     </span>
     <span class='ocr_line' id='line_1_22' title="bbox 505 2307 2068 2386; baseline 0.001 -20"><span class='ocrx_word' id='word_1_135' title='bbox 505 2307 788 2385; x_wconf 81' lang='lat' dir='ltr'>reprobis</span> <span class='ocrx_word' id='word_1_136' title='bbox 815 2307 1300 2379; x_wconf 87' lang='lat' dir='ltr'>communicare,</span> <span class='ocrx_word' id='word_1_137' title='bbox 1351 2307 1520 2386; x_wconf 87' lang='lat' dir='ltr'>quod</span> <span class='ocrx_word' id='word_1_138' title='bbox 1563 2325 1728 2386; x_wconf 81' lang='lat' dir='ltr'>saepe</span> <span class='ocrx_word' id='word_1_139' title='bbox 1782 2307 1971 2368; x_wconf 86' lang='lat' dir='ltr'>etiam</span> <span class='ocrx_word' id='word_1_140' title='bbox 1998 2307 2068 2368; x_wconf 85' lang='lat' dir='ltr'>fit</span> 
     </span>
     <span class='ocr_line' id='line_1_23' title="bbox 503 2399 2069 2480; baseline 0 -20"><span class='ocrx_word' id='word_1_141' title='bbox 503 2406 761 2478; x_wconf 87' lang='lat' dir='ltr'>propter</span> <span class='ocrx_word' id='word_1_142' title='bbox 785 2402 1038 2472; x_wconf 82' lang='lat' dir='ltr'>electOS,</span> <span class='ocrx_word' id='word_1_143' title='bbox 1070 2401 1169 2460; x_wconf 81' lang='lat' dir='ltr'>vel</span> <span class='ocrx_word' id='word_1_144' title='bbox 1199 2408 1454 2480; x_wconf 89' lang='lat' dir='ltr'>propter</span> <span class='ocrx_word' id='word_1_145' title='bbox 1487 2399 1868 2461; x_wconf 83' lang='lat' dir='ltr'>consortium</span> <span class='ocrx_word' id='word_1_146' title='bbox 1909 2400 2069 2461; x_wconf 86' lang='lat' dir='ltr'>elec-</span> 
     </span>
     <span class='ocr_line' id='line_1_24' title="bbox 503 2493 2067 2572; baseline -0.001 -18"><span class='ocrx_word' id='word_1_147' title='bbox 503 2499 732 2554; x_wconf 90' lang='lat' dir='ltr'>torum.</span> <span class='ocrx_word' id='word_1_148' title='bbox 766 2496 922 2554; x_wconf 90' lang='lat' dir='ltr'>Nam</span> <span class='ocrx_word' id='word_1_149' title='bbox 947 2495 1090 2554; x_wconf 90' lang='lat' dir='ltr'>hinc</span> <span class='ocrx_word' id='word_1_150' title='bbox 1115 2511 1284 2572; x_wconf 81' lang='lat' dir='ltr'>saepe</span> <span class='ocrx_word' id='word_1_151' title='bbox 1312 2493 1602 2572; x_wconf 80' lang='lat' dir='ltr'>provenit</span> <span class='ocrx_word' id='word_1_152' title='bbox 1629 2493 1735 2553; x_wconf 90' lang='lat' dir='ltr'>illa</span> <span class='ocrx_word' id='word_1_153' title='bbox 1765 2493 2067 2554; x_wconf 89' lang='lat' dir='ltr'>mirabilis</span> 
     </span>
     <span class='ocr_line' id='line_1_25' title="bbox 503 2583 2069 2665; baseline -0.003 -17"><span class='ocrx_word' id='word_1_154' title='bbox 503 2583 824 2664; x_wconf 82' lang='lat' dir='ltr'>dispositio</span> <span class='ocrx_word' id='word_1_155' title='bbox 869 2587 1090 2646; x_wconf 81' lang='lat' dir='ltr'>divinae</span> <span class='ocrx_word' id='word_1_156' title='bbox 1140 2585 1570 2665; x_wconf 66' lang='lat' dir='ltr'>providentiae,</span> <span class='ocrx_word' id='word_1_157' title='bbox 1617 2603 1758 2665; x_wconf 80' lang='lat' dir='ltr'>quae</span> <span class='ocrx_word' id='word_1_158' title='bbox 1813 2601 2069 2647; x_wconf 88' lang='lat' dir='ltr'>omnem</span> 
     </span>
     <span class='ocr_line' id='line_1_26' title="bbox 501 2677 2068 2758; baseline 0.001 -22"><span class='ocrx_word' id='word_1_159' title='bbox 501 2677 846 2739; x_wconf 82' lang='lat' dir='ltr'>humanam</span> <span class='ocrx_word' id='word_1_160' title='bbox 873 2681 1182 2740; x_wconf 87' lang='lat' dir='ltr'>rationem</span> <span class='ocrx_word' id='word_1_161' title='bbox 1213 2685 1490 2758; x_wconf 86' lang='lat' dir='ltr'>superat,</span> <span class='ocrx_word' id='word_1_162' title='bbox 1513 2679 1681 2758; x_wconf 89' lang='lat' dir='ltr'>quod</span> <span class='ocrx_word' id='word_1_163' title='bbox 1699 2679 1844 2738; x_wconf 88' lang='lat' dir='ltr'>huic</span> <span class='ocrx_word' id='word_1_164' title='bbox 1871 2677 2068 2738; x_wconf 86' lang='lat' dir='ltr'>natio·</span> 
     </span>
     <span class='ocr_line' id='line_1_27' title="bbox 502 2769 2069 2851; baseline 0.001 -22"><span class='ocrx_word' id='word_1_165' title='bbox 502 2770 565 2829; x_wconf 89' lang='lat' dir='ltr'>ni</span> <span class='ocrx_word' id='word_1_166' title='bbox 619 2771 992 2850; x_wconf 61' lang='lat' dir='ltr'>praedicetur</span> <span class='ocrx_word' id='word_1_167' title='bbox 1019 2772 1448 2851; x_wconf 85' lang='lat' dir='ltr'>Evangelium,</span> <span class='ocrx_word' id='word_1_168' title='bbox 1481 2777 1544 2833; x_wconf 88' lang='lat' dir='ltr'>et</span> <span class='ocrx_word' id='word_1_169' title='bbox 1571 2790 1696 2831; x_wconf 89' lang='lat' dir='ltr'>non</span> <span class='ocrx_word' id='word_1_170' title='bbox 1725 2771 1848 2844; x_wconf 85' lang='lat' dir='ltr'>illi;</span> <span class='ocrx_word' id='word_1_171' title='bbox 1897 2769 2069 2848; x_wconf 89' lang='lat' dir='ltr'>quod</span> 
     </span>
     <span class='ocr_line' id='line_1_28' title="bbox 499 2863 2065 2943; baseline 0.001 -21"><span class='ocrx_word' id='word_1_172' title='bbox 499 2863 608 2922; x_wconf 90' lang='lat' dir='ltr'>tali</span> <span class='ocrx_word' id='word_1_173' title='bbox 635 2869 918 2942; x_wconf 89' lang='lat' dir='ltr'>tempore</span> <span class='ocrx_word' id='word_1_174' title='bbox 951 2865 1386 2943; x_wconf 85' lang='lat' dir='ltr'>relinquantur</span> <span class='ocrx_word' id='word_1_175' title='bbox 1413 2865 1698 2943; x_wconf 86' lang='lat' dir='ltr'>homines</span> <span class='ocrx_word' id='word_1_176' title='bbox 1725 2863 1792 2924; x_wconf 91' lang='lat' dir='ltr'>in</span> <span class='ocrx_word' id='word_1_177' title='bbox 1819 2863 2065 2942; x_wconf 86' lang='lat' dir='ltr'>magnis</span> 
     </span>
     <span class='ocr_line' id='line_1_29' title="bbox 499 2957 2066 3038; baseline 0 -22"><span class='ocrx_word' id='word_1_178' title='bbox 499 2957 777 3017; x_wconf 86' lang='lat' dir='ltr'>tenebris</span> <span class='ocrx_word' id='word_1_179' title='bbox 821 2959 1186 3038; x_wconf 59' lang='lat' dir='ltr'>ignorantias</span> <span class='ocrx_word' id='word_1_180' title='bbox 1232 2975 1386 3030; x_wconf 82' lang='lat' dir='ltr'>suae,</span> <span class='ocrx_word' id='word_1_181' title='bbox 1419 2963 1481 3018; x_wconf 91' lang='lat' dir='ltr'>et</span> <span class='ocrx_word' id='word_1_182' title='bbox 1520 2964 1661 3036; x_wconf 88' lang='lat' dir='ltr'>post</span> <span class='ocrx_word' id='word_1_183' title='bbox 1701 2957 1889 3036; x_wconf 88' lang='lat' dir='ltr'>longa</span> <span class='ocrx_word' id='word_1_184' title='bbox 1946 2973 2066 3016; x_wconf 74' lang='lat' dir='ltr'>ste-</span> 
     </span>
     <span class='ocr_line' id='line_1_30' title="bbox 499 3049 2063 3130; baseline -0.001 -20"><span class='ocrx_word' id='word_1_185' title='bbox 499 3049 641 3110; x_wconf 87' lang='lat' dir='ltr'>cula</span> <span class='ocrx_word' id='word_1_186' title='bbox 670 3051 1120 3127; x_wconf 83' lang='lat' dir='ltr'>illuminentur,</span> <span class='ocrx_word' id='word_1_187' title='bbox 1153 3057 1270 3113; x_wconf 88' lang='lat' dir='ltr'>etc.</span> <span class='ocrx_word' id='word_1_188' title='bbox 1307 3051 1463 3113; x_wconf 85' lang='lat' dir='ltr'>Sunt</span> <span class='ocrx_word' id='word_1_189' title='bbox 1491 3067 1641 3130; x_wconf 86' lang='lat' dir='ltr'>ergo</span> <span class='ocrx_word' id='word_1_190' title='bbox 1671 3051 1807 3110; x_wconf 86' lang='lat' dir='ltr'>haec</span> <span class='ocrx_word' id='word_1_191' title='bbox 1851 3049 2063 3110; x_wconf 89' lang='lat' dir='ltr'>omnia</span> 
     </span>
     <span class='ocr_line' id='line_1_31' title="bbox 499 3143 2065 3223; baseline 0.001 -21"><span class='ocrx_word' id='word_1_192' title='bbox 499 3145 1000 3222; x_wconf 85' lang='lat' dir='ltr'>supernaturalia</span> <span class='ocrx_word' id='word_1_193' title='bbox 1068 3144 1278 3223; x_wconf 89' lang='lat' dir='ltr'>aliquo</span> <span class='ocrx_word' id='word_1_194' title='bbox 1335 3143 1684 3223; x_wconf 88' lang='lat' dir='ltr'>specialiori</span> <span class='ocrx_word' id='word_1_195' title='bbox 1743 3143 1932 3204; x_wconf 89' lang='lat' dir='ltr'>modo</span> <span class='ocrx_word' id='word_1_196' title='bbox 1984 3162 2065 3203; x_wconf 81' lang='lat' dir='ltr'>ex</span> 
     </span>
     <span class='ocr_line' id='line_1_32' title="bbox 497 3235 2063 3316; baseline -0.001 -19"><span class='ocrx_word' id='word_1_197' title='bbox 497 3236 992 3315; x_wconf 78' lang='lat' dir='ltr'>praedefinitione</span> <span class='ocrx_word' id='word_1_198' title='bbox 1033 3238 1168 3311; x_wconf 91' lang='lat' dir='ltr'>Dei,</span> <span class='ocrx_word' id='word_1_199' title='bbox 1210 3254 1403 3316; x_wconf 87' lang='lat' dir='ltr'>quam</span> <span class='ocrx_word' id='word_1_200' title='bbox 1441 3235 1792 3309; x_wconf 85' lang='lat' dir='ltr'>naturalia;</span> <span class='ocrx_word' id='word_1_201' title='bbox 1841 3254 2063 3315; x_wconf 86' lang='lat' dir='ltr'>quam-</span> 
     </span>
     <span class='ocr_line' id='line_1_33' title="bbox 497 3329 2063 3410; baseline 0 -21"><span class='ocrx_word' id='word_1_202' title='bbox 497 3330 590 3389; x_wconf 76' lang='lat' dir='ltr'>vis</span> <span class='ocrx_word' id='word_1_203' title='bbox 615 3329 676 3389; x_wconf 92' lang='lat' dir='ltr'>in</span> <span class='ocrx_word' id='word_1_204' title='bbox 711 3330 922 3391; x_wconf 89' lang='lat' dir='ltr'>electis</span> <span class='ocrx_word' id='word_1_205' title='bbox 951 3330 1072 3391; x_wconf 89' lang='lat' dir='ltr'>dici</span> <span class='ocrx_word' id='word_1_206' title='bbox 1092 3330 1332 3410; x_wconf 88' lang='lat' dir='ltr'>possint</span> <span class='ocrx_word' id='word_1_207' title='bbox 1355 3347 1494 3390; x_wconf 92' lang='lat' dir='ltr'>esse</span> <span class='ocrx_word' id='word_1_208' title='bbox 1521 3346 1597 3390; x_wconf 86' lang='lat' dir='ltr'>ex</span> <span class='ocrx_word' id='word_1_209' title='bbox 1621 3329 1917 3408; x_wconf 88' lang='lat' dir='ltr'>primaria</span> <span class='ocrx_word' id='word_1_210' title='bbox 1948 3346 2063 3390; x_wconf 89' lang='lat' dir='ltr'>seu</span> 
     </span>
    </p>
   </div>
   <div class='ocr_carea' id='block_1_2' title="bbox 496 3422 2083 3503">
    <p class='ocr_par' dir='ltr' id='par_1_3' title="bbox 496 3422 2083 3503">
     <span class='ocr_line' id='line_1_34' title="bbox 496 3422 2083 3503; baseline 0.001 -20"><span class='ocrx_word' id='word_1_211' title='bbox 496 3422 822 3502; x_wconf 84' lang='lat' dir='ltr'>principali</span> <span class='ocrx_word' id='word_1_212' title='bbox 880 3424 1370 3503; x_wconf 83' lang='lat' dir='ltr'>praedefinitione</span> <span class='ocrx_word' id='word_1_213' title='bbox 1397 3468 1412 3495; x_wconf 97' lang='lat'>,</span> <span class='ocrx_word' id='word_1_214' title='bbox 1465 3424 1530 3483; x_wconf 88' lang='lat' dir='ltr'>in</span> <span class='ocrx_word' id='word_1_215' title='bbox 1577 3423 1862 3503; x_wconf 85' lang='lat' dir='ltr'>reprobis</span> <span class='ocrx_word' id='word_1_216' title='bbox 1909 3440 2083 3484; x_wconf 86' lang='lat' dir='ltr'>vero·</span> 
     </span>
    </p>
   </div>
   <div class='ocr_carea' id='block_1_3' title="bbox 497 3515 1660 3591">
    <p class='ocr_par' dir='ltr' id='par_1_4' title="bbox 497 3515 1660 3591">
     <span class='ocr_line' id='line_1_35' title="bbox 497 3515 1660 3591; baseline 0 -14"><span class='ocrx_word' id='word_1_217' title='bbox 497 3534 576 3577; x_wconf 83' lang='lat' dir='ltr'>ex</span> <span class='ocrx_word' id='word_1_218' title='bbox 605 3515 998 3591; x_wconf 87' lang='lat' dir='ltr'>secundaria,</span> <span class='ocrx_word' id='word_1_219' title='bbox 1027 3522 1100 3577; x_wconf 87' lang='lat' dir='ltr'>ut</span> <span class='ocrx_word' id='word_1_220' title='bbox 1127 3515 1514 3579; x_wconf 87' lang='lat' dir='ltr'>declaratum</span> <span class='ocrx_word' id='word_1_221' title='bbox 1545 3522 1660 3577; x_wconf 89' lang='lat' dir='ltr'>est.</span> 
     </span>
    </p>
   </div>
   <div class='ocr_carea' id='block_1_4' title="bbox 1025 3756 1526 3821">
    <p class='ocr_par' dir='ltr' id='par_1_5' title="bbox 1025 3756 1526 3821">
     <span class='ocr_line' id='line_1_36' title="bbox 1025 3756 1526 3821; baseline 0 -2"><span class='ocrx_word' id='word_1_222' title='bbox 1025 3756 1274 3821; x_wconf 80' lang='lat' dir='ltr'>CAPUT</span> <span class='ocrx_word' id='word_1_223' title='bbox 1319 3758 1526 3820; x_wconf 83' lang='lat' dir='ltr'><strong>XVIII.</strong></span> 
     </span>
    </p>
   </div>
   <div class='ocr_carea' id='block_1_5' title="bbox 497 3976 2057 4213">
    <p class='ocr_par' dir='ltr' id='par_1_6' title="bbox 497 3976 2057 4213">
     <span class='ocr_line' id='line_1_37' title="bbox 497 3976 2057 4027; baseline -0.002 -1"><span class='ocrx_word' id='word_1_224' title='bbox 497 3978 880 4027; x_wconf 72' lang='lat' dir='ltr'>nxPoNUNTUR</span> <span class='ocrx_word' id='word_1_225' title='bbox 903 3978 982 4025; x_wconf 78' lang='lat' dir='ltr'>m·</span> <span class='ocrx_word' id='word_1_226' title='bbox 999 3978 1421 4025; x_wconf 73' lang='lat' dir='ltr'>coNcmANTUn</span> <span class='ocrx_word' id='word_1_227' title='bbox 1443 3978 1635 4023; x_wconf 70' lang='lat' dir='ltr'>VAmA</span> <span class='ocrx_word' id='word_1_228' title='bbox 1660 3976 1896 4025; x_wconf 69' lang='lat' dir='ltr'>rmum!</span> <span class='ocrx_word' id='word_1_229' title='bbox 1917 3977 2057 4023; x_wconf 75' lang='lat' dir='ltr'>‘ms-</span> 
     </span>
     <span class='ocr_line' id='line_1_38' title="bbox 579 4070 2057 4133; baseline 0 -16"><span class='ocrx_word' id='word_1_230' title='bbox 579 4072 852 4133; x_wconf 75' lang='lat' dir='ltr'>TIMONIA,</span> <span class='ocrx_word' id='word_1_231' title='bbox 895 4072 1246 4119; x_wconf 70' lang='lat' dir='ltr'>raAESERTm</span> <span class='ocrx_word' id='word_1_232' title='bbox 1285 4070 1628 4128; x_wconf 73' lang='lat' dir='ltr'>AUGUSTIM,</span> <span class='ocrx_word' id='word_1_233' title='bbox 1671 4070 1844 4117; x_wconf 68' lang='lat' dir='ltr'>cmm</span> <span class='ocrx_word' id='word_1_234' title='bbox 1883 4070 2057 4117; x_wconf 73' lang='lat' dir='ltr'><strong>ELEG-</strong></span> 
     </span>
     <span class='ocr_line' id='line_1_39' title="bbox 579 4162 1853 4213; baseline -0.002 -2"><span class='ocrx_word' id='word_1_235' title='bbox 579 4165 806 4213; x_wconf 70' lang='lat' dir='ltr'>&#39;rloxnu</span> <span class='ocrx_word' id='word_1_236' title='bbox 846 4162 1430 4211; x_wconf 68' lang='lat' dir='ltr'>PRAEnEs‘rmATonuu</span> <span class='ocrx_word' id='word_1_237' title='bbox 1459 4164 1540 4209; x_wconf 73' lang='lat' dir='ltr'>An</span> <span class='ocrx_word' id='word_1_238' title='bbox 1577 4163 1853 4209; x_wconf 68' lang='lat' dir='ltr'>(stonum.</span> 
     </span>
    </p>
   </div>
   <div class='ocr_carea' id='block_1_6' title="bbox 1537 4288 1564 4323">
    <p class='ocr_par' dir='ltr' id='par_1_7' title="bbox 1537 4288 1564 4323">
     <span class='ocr_line' id='line_1_40' title="bbox 1537 4288 1564 4323; baseline 0 0"><span class='ocrx_word' id='word_1_239' title='bbox 1537 4288 1564 4323; x_wconf 64' lang='grc' dir='ltr'><em>θ</em></span> 
     </span>
    </p>
   </div>
   <div class='ocr_carea' id='block_1_7' title="bbox 490 4362 2061 5561">
    <p class='ocr_par' dir='ltr' id='par_1_8' title="bbox 490 4362 2061 5464">
     <span class='ocr_line' id='line_1_41' title="bbox 579 4362 2059 4445; baseline 0 -19"><span class='ocrx_word' id='word_1_240' title='bbox 579 4365 858 4427; x_wconf 78' lang='lat' dir='ltr'>1.Ex11is</span> <span class='ocrx_word' id='word_1_241' title='bbox 877 4382 1014 4445; x_wconf 82' lang='lat' dir='ltr'>quae</span> <span class='ocrx_word' id='word_1_242' title='bbox 1036 4365 1340 4426; x_wconf 88' lang='lat' dir='ltr'>hactenus</span> <span class='ocrx_word' id='word_1_243' title='bbox 1361 4364 1648 4439; x_wconf 79' lang='lat' dir='ltr'>diximuS,</span> <span class='ocrx_word' id='word_1_244' title='bbox 1673 4362 2059 4426; x_wconf 80' lang='lat' dir='ltr'>satisfactum</span> 
     </span>
     <span class='ocr_line' id='line_1_42' title="bbox 497 4456 2059 4537; baseline 0 -18"><span class='ocrx_word' id='word_1_245' title='bbox 497 4464 590 4519; x_wconf 89' lang='lat' dir='ltr'>est</span> <span class='ocrx_word' id='word_1_246' title='bbox 639 4458 984 4519; x_wconf 85' lang='lat' dir='ltr'>difficultati</span> <span class='ocrx_word' id='word_1_247' title='bbox 1015 4458 1080 4517; x_wconf 90' lang='lat' dir='ltr'>in</span> <span class='ocrx_word' id='word_1_248' title='bbox 1107 4456 1411 4536; x_wconf 85' lang='lat' dir='ltr'>principio</span> <span class='ocrx_word' id='word_1_249' title='bbox 1441 4456 1666 4518; x_wconf 86' lang='lat' dir='ltr'>decimi</span> <span class='ocrx_word' id='word_1_250' title='bbox 1700 4457 1857 4518; x_wconf 84' lang='lat' dir='ltr'>sexti</span> <span class='ocrx_word' id='word_1_251' title='bbox 1885 4459 2059 4537; x_wconf 90' lang='lat' dir='ltr'>capi-</span> 
     </span>
     <span class='ocr_line' id='line_1_43' title="bbox 495 4549 2055 4629; baseline 0.002 -20"><span class='ocrx_word' id='word_1_252' title='bbox 495 4550 572 4610; x_wconf 83' lang='lat' dir='ltr'>tis</span> <span class='ocrx_word' id='word_1_253' title='bbox 615 4552 974 4629; x_wconf 81' lang='lat' dir='ltr'>propositae.</span> <span class='ocrx_word' id='word_1_254' title='bbox 1009 4549 1410 4610; x_wconf 86' lang='lat' dir='ltr'>Admittimus</span> <span class='ocrx_word' id='word_1_255' title='bbox 1453 4549 1624 4610; x_wconf 90' lang='lat' dir='ltr'>enim</span> <span class='ocrx_word' id='word_1_256' title='bbox 1673 4552 1882 4611; x_wconf 88' lang='lat' dir='ltr'>omnia</span> <span class='ocrx_word' id='word_1_257' title='bbox 1915 4569 2055 4629; x_wconf 77' lang='lat' dir='ltr'>quae</span> 
     </span>
     <span class='ocr_line' id='line_1_44' title="bbox 495 4641 2057 4721; baseline 0 -18"><span class='ocrx_word' id='word_1_258' title='bbox 495 4641 575 4703; x_wconf 89' lang='lat' dir='ltr'>de</span> <span class='ocrx_word' id='word_1_259' title='bbox 621 4643 922 4703; x_wconf 80' lang='lat' dir='ltr'>electione</span> <span class='ocrx_word' id='word_1_260' title='bbox 971 4641 1572 4721; x_wconf 62' lang='lat' dir='ltr'>praedestinatorum,</span> <span class='ocrx_word' id='word_1_261' title='bbox 1605 4646 1668 4703; x_wconf 88' lang='lat' dir='ltr'>et</span> <span class='ocrx_word' id='word_1_262' title='bbox 1707 4642 1786 4703; x_wconf 91' lang='lat' dir='ltr'>de</span> <span class='ocrx_word' id='word_1_263' title='bbox 1836 4642 2057 4705; x_wconf 85' lang='lat' dir='ltr'>infalli-</span> 
     </span>
     <span class='ocr_line' id='line_1_45' title="bbox 493 4734 2054 4813; baseline 0.001 -18"><span class='ocrx_word' id='word_1_264' title='bbox 493 4734 605 4795; x_wconf 92' lang='lat' dir='ltr'>bili</span> <span class='ocrx_word' id='word_1_265' title='bbox 642 4734 1052 4813; x_wconf 80' lang='lat' dir='ltr'>providentia,</span> <span class='ocrx_word' id='word_1_266' title='bbox 1085 4752 1211 4813; x_wconf 88' lang='lat' dir='ltr'>qua</span> <span class='ocrx_word' id='word_1_267' title='bbox 1261 4734 1324 4795; x_wconf 90' lang='lat' dir='ltr'>in</span> <span class='ocrx_word' id='word_1_268' title='bbox 1371 4734 1822 4797; x_wconf 87' lang='lat' dir='ltr'>beatitudinem</span> <span class='ocrx_word' id='word_1_269' title='bbox 1849 4754 1886 4795; x_wconf 89' lang='lat' dir='ltr'>a</span> <span class='ocrx_word' id='word_1_270' title='bbox 1923 4736 2054 4797; x_wconf 91' lang='lat' dir='ltr'>Deo</span> 
     </span>
     <span class='ocr_line' id='line_1_46' title="bbox 497 4827 2057 4908; baseline 0.001 -21"><span class='ocrx_word' id='word_1_271' title='bbox 497 4827 872 4907; x_wconf 84' lang='lat' dir='ltr'>diriguntur,</span> <span class='ocrx_word' id='word_1_272' title='bbox 901 4827 1016 4888; x_wconf 91' lang='lat' dir='ltr'>illa·</span> <span class='ocrx_word' id='word_1_273' title='bbox 1036 4830 1340 4889; x_wconf 86' lang='lat' dir='ltr'>sententia</span> <span class='ocrx_word' id='word_1_274' title='bbox 1375 4828 1583 4890; x_wconf 89' lang='lat' dir='ltr'>sumit.</span> <span class='ocrx_word' id='word_1_275' title='bbox 1617 4830 1934 4908; x_wconf 84' lang='lat' dir='ltr'>Negamus</span> <span class='ocrx_word' id='word_1_276' title='bbox 1962 4834 2057 4889; x_wconf 88' lang='lat' dir='ltr'>ta-</span> 
     </span>
     <span class='ocr_line' id='line_1_47' title="bbox 495 4919 2061 5000; baseline 0.001 -21"><span class='ocrx_word' id='word_1_277' title='bbox 495 4937 642 4981; x_wconf 90' lang='lat' dir='ltr'>men</span> <span class='ocrx_word' id='word_1_278' title='bbox 671 4919 751 4980; x_wconf 85' lang='lat' dir='ltr'>ad</span> <span class='ocrx_word' id='word_1_279' title='bbox 783 4921 1140 4999; x_wconf 75' lang='lat' dir='ltr'>huJusmodi</span> <span class='ocrx_word' id='word_1_280' title='bbox 1168 4921 1570 4999; x_wconf 62' lang='lat' dir='ltr'>providentiae</span> <span class='ocrx_word' id='word_1_281' title='bbox 1599 4939 1801 5000; x_wconf 86' lang='lat' dir='ltr'>genus</span> <span class='ocrx_word' id='word_1_282' title='bbox 1839 4940 2061 4983; x_wconf 86' lang='lat' dir='ltr'>neces-</span> 
     </span>
     <span class='ocr_line' id='line_1_48' title="bbox 495 5012 2053 5092; baseline 0.001 -19"><span class='ocrx_word' id='word_1_283' title='bbox 495 5012 724 5073; x_wconf 82' lang='lat' dir='ltr'>sariam</span> <span class='ocrx_word' id='word_1_284' title='bbox 772 5030 910 5074; x_wconf 88' lang='lat' dir='ltr'>esse</span> <span class='ocrx_word' id='word_1_285' title='bbox 938 5014 1264 5092; x_wconf 81' lang='lat' dir='ltr'>physicam</span> <span class='ocrx_word' id='word_1_286' title='bbox 1316 5012 2053 5092; x_wconf 79' lang='lat' dir='ltr'>praedeterminationem‚</span> 
     </span>
     <span class='ocr_line' id='line_1_49' title="bbox 494 5105 2059 5185; baseline 0 -18"><span class='ocrx_word' id='word_1_287' title='bbox 494 5105 606 5167; x_wconf 89' lang='lat' dir='ltr'>sed</span> <span class='ocrx_word' id='word_1_288' title='bbox 637 5106 1114 5185; x_wconf 75' lang='lat' dir='ltr'>applicationem</span> <span class='ocrx_word' id='word_1_289' title='bbox 1145 5106 1312 5166; x_wconf 90' lang='lat' dir='ltr'>illius</span> <span class='ocrx_word' id='word_1_290' title='bbox 1357 5106 1698 5168; x_wconf 81' lang='lat' dir='ltr'>vocationis</span> <span class='ocrx_word' id='word_1_291' title='bbox 1749 5124 1862 5167; x_wconf 92' lang='lat' dir='ltr'>seu</span> <span class='ocrx_word' id='word_1_292' title='bbox 1893 5108 2059 5169; x_wconf 82' lang='lat' dir='ltr'>exci-</span> 
     </span>
     <span class='ocr_line' id='line_1_50' title="bbox 490 5198 2057 5277; baseline 0.001 -18"><span class='ocrx_word' id='word_1_293' title='bbox 490 5198 680 5259; x_wconf 86' lang='lat' dir='ltr'>tantis</span> <span class='ocrx_word' id='word_1_294' title='bbox 725 5201 966 5275; x_wconf 63' lang='lat' dir='ltr'>gratiae,</span> <span class='ocrx_word' id='word_1_295' title='bbox 999 5216 1190 5277; x_wconf 88' lang='lat' dir='ltr'>quam</span> <span class='ocrx_word' id='word_1_296' title='bbox 1236 5200 1402 5260; x_wconf 90' lang='lat' dir='ltr'>Deus</span> <span class='ocrx_word' id='word_1_297' title='bbox 1450 5198 1754 5259; x_wconf 86' lang='lat' dir='ltr'>infallibili</span> <span class='ocrx_word' id='word_1_298' title='bbox 1797 5200 2057 5261; x_wconf 88' lang='lat' dir='ltr'>scientia</span> 
     </span>
     <span class='ocr_line' id='line_1_51' title="bbox 491 5290 2051 5371; baseline 0.001 -20"><span class='ocrx_word' id='word_1_299' title='bbox 491 5294 799 5371; x_wconf 64' lang='lat' dir='ltr'>praenovit</span> <span class='ocrx_word' id='word_1_300' title='bbox 824 5293 1179 5354; x_wconf 86' lang='lat' dir='ltr'>habituram</span> <span class='ocrx_word' id='word_1_301' title='bbox 1227 5292 1540 5365; x_wconf 85' lang='lat' dir='ltr'>effectum,</span> <span class='ocrx_word' id='word_1_302' title='bbox 1575 5292 1626 5351; x_wconf 92' lang='lat' dir='ltr'>si</span> <span class='ocrx_word' id='word_1_303' title='bbox 1653 5290 1765 5353; x_wconf 88' lang='lat' dir='ltr'>tali</span> <span class='ocrx_word' id='word_1_304' title='bbox 1789 5291 2051 5366; x_wconf 89' lang='lat' dir='ltr'>homini,</span> 
     </span>
     <span class='ocr_line' id='line_1_52' title="bbox 491 5384 1732 5464; baseline 0 -18"><span class='ocrx_word' id='word_1_305' title='bbox 491 5385 598 5446; x_wconf 81' lang='lat' dir='ltr'>tali</span> <span class='ocrx_word' id='word_1_306' title='bbox 640 5391 922 5464; x_wconf 84' lang='lat' dir='ltr'>tempore</span> <span class='ocrx_word' id='word_1_307' title='bbox 967 5392 1027 5445; x_wconf 86' lang='lat' dir='ltr'>et</span> <span class='ocrx_word' id='word_1_308' title='bbox 1060 5384 1246 5445; x_wconf 89' lang='lat' dir='ltr'>modo</span> <span class='ocrx_word' id='word_1_309' title='bbox 1284 5384 1454 5446; x_wconf 85' lang='lat' dir='ltr'>illam</span> <span class='ocrx_word' id='word_1_310' title='bbox 1478 5384 1732 5446; x_wconf 84' lang='lat' dir='ltr'>tribuat.</span> 
     </span>
    </p>

    <p class='ocr_par' dir='ltr' id='par_1_9' title="bbox 573 5478 2055 5561">
     <span class='ocr_line' id='line_1_53' title="bbox 573 5478 2055 5561; baseline 0 -20"><span class='ocrx_word' id='word_1_311' title='bbox 573 5480 632 5541; x_wconf 74' lang='lat'>2.</span> <span class='ocrx_word' id='word_1_312' title='bbox 681 5480 902 5545; x_wconf 75' lang='lat' dir='ltr'>Patres</span> <span class='ocrx_word' id='word_1_313' title='bbox 933 5478 1134 5545; x_wconf 63' lang='lat' dir='ltr'>amai</span> <span class='ocrx_word' id='word_1_314' title='bbox 1159 5482 1563 5561; x_wconf 67' lang='lat' dir='ltr'>exponuntur.</span> <span class='ocrx_word' id='word_1_315' title='bbox 1597 5508 1680 5525; x_wconf 89' lang='lat'>—</span> <span class='ocrx_word' id='word_1_316' title='bbox 1707 5478 1920 5541; x_wconf 84' lang='lat' dir='ltr'>Solum</span> <span class='ocrx_word' id='word_1_317' title='bbox 1948 5496 2055 5541; x_wconf 86' lang='lat' dir='ltr'>su-</span> 
     </span>
    </p>
   </div>
   <div class='ocr_carea' id='block_1_8' title="bbox 1355 337 2897 406">
    <p class='ocr_par' dir='ltr' id='par_1_10' title="bbox 1355 337 2897 406">
     <span class='ocr_line' id='line_1_54' title="bbox 1355 337 2897 406; baseline -0.003 -10"><span class='ocrx_word' id='word_1_318' title='bbox 1355 339 1567 397; x_wconf 67' lang='lat' dir='ltr'>owse.</span> <span class='ocrx_word' id='word_1_319' title='bbox 1603 343 1646 406; x_wconf 84' lang='lat'>1,</span> <span class='ocrx_word' id='word_1_320' title='bbox 1679 339 1792 396; x_wconf 82' lang='lat' dir='ltr'><strong>LIB.</strong></span> <span class='ocrx_word' id='word_1_321' title='bbox 1829 344 1913 395; x_wconf 86' lang='lat'>111.</span> <span class='ocrx_word' id='word_1_322' title='bbox 1952 340 2033 396; x_wconf 82' lang='lat' dir='ltr'>DE</span> <span class='ocrx_word' id='word_1_323' title='bbox 2064 339 2338 396; x_wconf 78' lang='lat' dir='ltr'><strong>AUXILIIS</strong></span> <span class='ocrx_word' id='word_1_324' title='bbox 2370 343 2601 397; x_wconf 71' lang='lat' dir='ltr'>mviNAE</span> <span class='ocrx_word' id='word_1_325' title='bbox 2630 337 2897 396; x_wconf 71' lang='lat' dir='ltr'>GRATJAE.</span> 
     </span>
    </p>
   </div>
   <div class='ocr_carea' id='block_1_9' title="bbox 2136 437 3699 5452">
    <p class='ocr_par' dir='ltr' id='par_1_11' title="bbox 2136 437 3699 5452">
     <span class='ocr_line' id='line_1_55' title="bbox 2166 437 3695 524; baseline -0.004 -18"><span class='ocrx_word' id='word_1_326' title='bbox 2166 452 2375 524; x_wconf 89' lang='lat' dir='ltr'>perest</span> <span class='ocrx_word' id='word_1_327' title='bbox 2414 451 2485 507; x_wconf 92' lang='lat' dir='ltr'>ut</span> <span class='ocrx_word' id='word_1_328' title='bbox 2530 443 3025 523; x_wconf 87' lang='lat' dir='ltr'>respondeamus</span> <span class='ocrx_word' id='word_1_329' title='bbox 3078 439 3160 500; x_wconf 87' lang='lat' dir='ltr'>ad</span> <span class='ocrx_word' id='word_1_330' title='bbox 3196 437 3557 500; x_wconf 90' lang='lat' dir='ltr'>testimonia</span> <span class='ocrx_word' id='word_1_331' title='bbox 3604 439 3695 500; x_wconf 82' lang='lat' dir='ltr'>Pa-</span> 
     </span>
     <span class='ocr_line' id='line_1_56' title="bbox 2164 533 3695 618; baseline -0.004 -18"><span class='ocrx_word' id='word_1_332' title='bbox 2164 544 2355 614; x_wconf 83' lang='lat' dir='ltr'>tmm,</span> <span class='ocrx_word' id='word_1_333' title='bbox 2384 557 2525 618; x_wconf 83' lang='lat' dir='ltr'>quae</span> <span class='ocrx_word' id='word_1_334' title='bbox 2554 537 2930 598; x_wconf 80' lang='lat' dir='ltr'>adduximus</span> <span class='ocrx_word' id='word_1_335' title='bbox 2955 552 3071 614; x_wconf 89' lang='lat' dir='ltr'>pro</span> <span class='ocrx_word' id='word_1_336' title='bbox 3098 534 3206 594; x_wconf 86' lang='lat' dir='ltr'>illa</span> <span class='ocrx_word' id='word_1_337' title='bbox 3230 533 3565 602; x_wconf 82' lang='lat' dir='ltr'>sententia,</span> <span class='ocrx_word' id='word_1_338' title='bbox 3586 551 3695 610; x_wconf 80' lang='lat' dir='ltr'>quae</span> 
     </span>
     <span class='ocr_line' id='line_1_57' title="bbox 2164 627 3693 711; baseline -0.003 -20"><span class='ocrx_word' id='word_1_339' title='bbox 2164 633 2441 711; x_wconf 87' lang='lat' dir='ltr'>negabat</span> <span class='ocrx_word' id='word_1_340' title='bbox 2491 631 2861 692; x_wconf 84' lang='lat' dir='ltr'>electionem</span> <span class='ocrx_word' id='word_1_341' title='bbox 2888 627 2969 688; x_wconf 91' lang='lat' dir='ltr'>ad</span> <span class='ocrx_word' id='word_1_342' title='bbox 3018 628 3278 708; x_wconf 85' lang='lat' dir='ltr'>gloriam</span> <span class='ocrx_word' id='word_1_343' title='bbox 3308 627 3541 686; x_wconf 80' lang='lat' dir='ltr'>tactam</span> <span class='ocrx_word' id='word_1_344' title='bbox 3584 645 3693 687; x_wconf 78' lang='lat' dir='ltr'>esse</span> 
     </span>
     <span class='ocr_line' id='line_1_58' title="bbox 2166 719 3694 804; baseline -0.003 -20"><span class='ocrx_word' id='word_1_345' title='bbox 2166 731 2312 786; x_wconf 88' lang='lat' dir='ltr'>ante</span> <span class='ocrx_word' id='word_1_346' title='bbox 2348 725 2611 804; x_wconf 84' lang='lat' dir='ltr'>praevisa</span> <span class='ocrx_word' id='word_1_347' title='bbox 2639 723 2883 783; x_wconf 88' lang='lat' dir='ltr'>merita.</span> <span class='ocrx_word' id='word_1_348' title='bbox 2910 723 2985 783; x_wconf 86' lang='lat' dir='ltr'>Et</span> <span class='ocrx_word' id='word_1_349' title='bbox 3026 721 3283 800; x_wconf 84' lang='lat' dir='ltr'>quidem</span> <span class='ocrx_word' id='word_1_350' title='bbox 3322 719 3404 778; x_wconf 90' lang='lat' dir='ltr'>de</span> <span class='ocrx_word' id='word_1_351' title='bbox 3446 719 3694 780; x_wconf 86' lang='lat' dir='ltr'>Patribus</span> 
     </span>
     <span class='ocr_line' id='line_1_59' title="bbox 2164 813 3695 893; baseline -0.004 -15"><span class='ocrx_word' id='word_1_352' title='bbox 2164 817 2415 890; x_wconf 74' lang='lat' dir='ltr'>GraeciS,</span> <span class='ocrx_word' id='word_1_353' title='bbox 2449 817 2615 878; x_wconf 89' lang='lat' dir='ltr'>etde</span> <span class='ocrx_word' id='word_1_354' title='bbox 2658 816 3062 893; x_wconf 78' lang='lat' dir='ltr'>Hieronymo,</span> <span class='ocrx_word' id='word_1_355' title='bbox 3092 813 3449 884; x_wconf 80' lang='lat' dir='ltr'>Ambrosio,</span> <span class='ocrx_word' id='word_1_356' title='bbox 3484 829 3557 872; x_wconf 88' lang='lat' dir='ltr'>ac</span> <span class='ocrx_word' id='word_1_357' title='bbox 3584 813 3695 872; x_wconf 87' lang='lat' dir='ltr'>aliis</span> 
     </span>
     <span class='ocr_line' id='line_1_60' title="bbox 2164 905 3695 988; baseline -0.004 -18"><span class='ocrx_word' id='word_1_358' title='bbox 2164 910 2617 988; x_wconf 84' lang='lat' dir='ltr'>antiquioribus</span> <span class='ocrx_word' id='word_1_359' title='bbox 2648 909 3019 988; x_wconf 81' lang='lat' dir='ltr'>Augustino,</span> <span class='ocrx_word' id='word_1_360' title='bbox 3072 907 3247 966; x_wconf 89' lang='lat' dir='ltr'>multi</span> <span class='ocrx_word' id='word_1_361' title='bbox 3288 905 3567 966; x_wconf 84' lang='lat' dir='ltr'>fatentur</span> <span class='ocrx_word' id='word_1_362' title='bbox 3608 925 3695 965; x_wconf 84' lang='lat' dir='ltr'>eos</span> 
     </span>
     <span class='ocr_line' id='line_1_61' title="bbox 2162 998 3694 1079; baseline -0.001 -17"><span class='ocrx_word' id='word_1_363' title='bbox 2162 1002 2353 1064; x_wconf 88' lang='lat' dir='ltr'>fuisse</span> <span class='ocrx_word' id='word_1_364' title='bbox 2384 1003 2449 1063; x_wconf 90' lang='lat' dir='ltr'>in</span> <span class='ocrx_word' id='word_1_365' title='bbox 2478 1002 2583 1063; x_wconf 90' lang='lat' dir='ltr'>illa</span> <span class='ocrx_word' id='word_1_366' title='bbox 2612 1001 2943 1072; x_wconf 85' lang='lat' dir='ltr'>sententia,</span> <span class='ocrx_word' id='word_1_367' title='bbox 2976 1000 3147 1079; x_wconf 87' lang='lat' dir='ltr'>quia,</span> <span class='ocrx_word' id='word_1_368' title='bbox 3178 998 3467 1060; x_wconf 90' lang='lat' dir='ltr'>nondum</span> <span class='ocrx_word' id='word_1_369' title='bbox 3512 1006 3694 1060; x_wconf 82' lang='lat' dir='ltr'>exorta</span> 
     </span>
     <span class='ocr_line' id='line_1_62' title="bbox 2158 1092 3696 1176; baseline -0.003 -19"><span class='ocrx_word' id='word_1_370' title='bbox 2158 1097 2493 1176; x_wconf 89' lang='lat' dir='ltr'>Pelagiana</span> <span class='ocrx_word' id='word_1_371' title='bbox 2528 1095 2771 1167; x_wconf 83' lang='lat' dir='ltr'>haeresi,</span> <span class='ocrx_word' id='word_1_372' title='bbox 2818 1111 2949 1154; x_wconf 89' lang='lat' dir='ltr'>non</span> <span class='ocrx_word' id='word_1_373' title='bbox 2984 1094 3067 1152; x_wconf 87' lang='lat' dir='ltr'>ita</span> <span class='ocrx_word' id='word_1_374' title='bbox 3106 1097 3325 1154; x_wconf 80' lang='lat' dir='ltr'>exacte</span> <span class='ocrx_word' id='word_1_375' title='bbox 3373 1092 3455 1152; x_wconf 89' lang='lat' dir='ltr'>de</span> <span class='ocrx_word' id='word_1_376' title='bbox 3498 1099 3696 1169; x_wconf 70' lang='lat' dir='ltr'>myste-</span> 
     </span>
     <span class='ocr_line' id='line_1_63' title="bbox 2158 1183 3696 1268; baseline -0.003 -20"><span class='ocrx_word' id='word_1_377' title='bbox 2158 1189 2250 1248; x_wconf 91' lang='lat' dir='ltr'>rio</span> <span class='ocrx_word' id='word_1_378' title='bbox 2294 1187 2861 1268; x_wconf 64' lang='lat' dir='ltr'>praedestinationis</span> <span class='ocrx_word' id='word_1_379' title='bbox 2906 1185 3305 1264; x_wconf 88' lang='lat' dir='ltr'>disputarunt</span> <span class='ocrx_word' id='word_1_380' title='bbox 3336 1229 3352 1256; x_wconf 92' lang='lat'>,</span> <span class='ocrx_word' id='word_1_381' title='bbox 3404 1183 3567 1244; x_wconf 86' lang='lat' dir='ltr'>sicut</span> <span class='ocrx_word' id='word_1_382' title='bbox 3600 1187 3696 1244; x_wconf 82' lang='lat' dir='ltr'>Au·</span> 
     </span>
     <span class='ocr_line' id='line_1_64' title="bbox 2161 1278 3697 1362; baseline -0.003 -20"><span class='ocrx_word' id='word_1_383' title='bbox 2161 1283 2468 1362; x_wconf 88' lang='lat' dir='ltr'>gustinus.</span> <span class='ocrx_word' id='word_1_384' title='bbox 2509 1281 2656 1354; x_wconf 90' lang='lat' dir='ltr'>Sed,</span> <span class='ocrx_word' id='word_1_385' title='bbox 2708 1281 2869 1342; x_wconf 90' lang='lat' dir='ltr'>sicut</span> <span class='ocrx_word' id='word_1_386' title='bbox 2914 1297 3139 1340; x_wconf 82' lang='lat' dir='ltr'>verum</span> <span class='ocrx_word' id='word_1_387' title='bbox 3178 1285 3277 1340; x_wconf 90' lang='lat' dir='ltr'>est</span> <span class='ocrx_word' id='word_1_388' title='bbox 3312 1295 3423 1338; x_wconf 89' lang='lat' dir='ltr'>eos</span> <span class='ocrx_word' id='word_1_389' title='bbox 3456 1296 3584 1337; x_wconf 88' lang='lat' dir='ltr'>non</span> <span class='ocrx_word' id='word_1_390' title='bbox 3608 1278 3697 1338; x_wconf 88' lang='lat' dir='ltr'>de-</span> 
     </span>
     <span class='ocr_line' id='line_1_65' title="bbox 2162 1371 3696 1454; baseline -0.003 -18"><span class='ocrx_word' id='word_1_391' title='bbox 2162 1376 2433 1436; x_wconf 87' lang='lat' dir='ltr'>clarasse</span> <span class='ocrx_word' id='word_1_392' title='bbox 2470 1375 2537 1435; x_wconf 90' lang='lat' dir='ltr'>in</span> <span class='ocrx_word' id='word_1_393' title='bbox 2570 1372 2926 1454; x_wconf 85' lang='lat' dir='ltr'>particulari</span> <span class='ocrx_word' id='word_1_394' title='bbox 2970 1371 3385 1452; x_wconf 55' lang='lat' dir='ltr'>quaestionem</span> <span class='ocrx_word' id='word_1_395' title='bbox 3438 1371 3601 1430; x_wconf 86' lang='lat' dir='ltr'>hanc</span> <span class='ocrx_word' id='word_1_396' title='bbox 3634 1371 3696 1432; x_wconf 89' lang='lat' dir='ltr'>de</span> 
     </span>
     <span class='ocr_line' id='line_1_66' title="bbox 2158 1464 3699 1549; baseline -0.005 -18"><span class='ocrx_word' id='word_1_397' title='bbox 2158 1469 2725 1549; x_wconf 70' lang='lat' dir='ltr'>praedestinatione,</span> <span class='ocrx_word' id='word_1_398' title='bbox 2752 1468 2853 1528; x_wconf 82' lang='lat' dir='ltr'>vel</span> <span class='ocrx_word' id='word_1_399' title='bbox 2880 1467 2961 1529; x_wconf 90' lang='lat' dir='ltr'>de</span> <span class='ocrx_word' id='word_1_400' title='bbox 2990 1466 3295 1530; x_wconf 86' lang='lat' dir='ltr'>electione</span> <span class='ocrx_word' id='word_1_401' title='bbox 3338 1464 3419 1524; x_wconf 88' lang='lat' dir='ltr'>ad</span> <span class='ocrx_word' id='word_1_402' title='bbox 3458 1464 3699 1544; x_wconf 84' lang='lat' dir='ltr'>gloriam</span> 
     </span>
     <span class='ocr_line' id='line_1_67' title="bbox 2158 1561 3699 1642; baseline -0.005 -17"><span class='ocrx_word' id='word_1_403' title='bbox 2158 1570 2305 1625; x_wconf 87' lang='lat' dir='ltr'>ante</span> <span class='ocrx_word' id='word_1_404' title='bbox 2334 1563 2601 1642; x_wconf 80' lang='lat' dir='ltr'>praevisa</span> <span class='ocrx_word' id='word_1_405' title='bbox 2623 1562 2871 1636; x_wconf 90' lang='lat' dir='ltr'>merita,</span> <span class='ocrx_word' id='word_1_406' title='bbox 2902 1561 2989 1622; x_wconf 87' lang='lat' dir='ltr'>ita</span> <span class='ocrx_word' id='word_1_407' title='bbox 3009 1561 3200 1621; x_wconf 88' lang='lat' dir='ltr'>etiam</span> <span class='ocrx_word' id='word_1_408' title='bbox 3234 1565 3331 1620; x_wconf 85' lang='lat' dir='ltr'>est</span> <span class='ocrx_word' id='word_1_409' title='bbox 3360 1576 3585 1618; x_wconf 77' lang='lat' dir='ltr'>verum</span> <span class='ocrx_word' id='word_1_410' title='bbox 3608 1576 3699 1618; x_wconf 85' lang='lat' dir='ltr'>eos</span> 
     </span>
     <span class='ocr_line' id='line_1_68' title="bbox 2156 1650 3699 1735; baseline -0.005 -18"><span class='ocrx_word' id='word_1_411' title='bbox 2156 1675 2479 1735; x_wconf 85' lang='lat' dir='ltr'>nunquam</span> <span class='ocrx_word' id='word_1_412' title='bbox 2516 1673 2808 1734; x_wconf 84' lang='lat' dir='ltr'>negasse,</span> <span class='ocrx_word' id='word_1_413' title='bbox 2844 1653 3107 1733; x_wconf 86' lang='lat' dir='ltr'>elegisse</span> <span class='ocrx_word' id='word_1_414' title='bbox 3156 1653 3359 1713; x_wconf 90' lang='lat' dir='ltr'>Deum</span> <span class='ocrx_word' id='word_1_415' title='bbox 3397 1650 3699 1730; x_wconf 73' lang='lat' dir='ltr'>praedesti-</span> 
     </span>
     <span class='ocr_line' id='line_1_69' title="bbox 2154 1744 3699 1829; baseline -0.006 -17"><span class='ocrx_word' id='word_1_416' title='bbox 2154 1757 2339 1812; x_wconf 87' lang='lat' dir='ltr'>natos</span> <span class='ocrx_word' id='word_1_417' title='bbox 2396 1751 2637 1829; x_wconf 88' lang='lat' dir='ltr'>absque</span> <span class='ocrx_word' id='word_1_418' title='bbox 2678 1765 2899 1810; x_wconf 86' lang='lat' dir='ltr'>eorum</span> <span class='ocrx_word' id='word_1_419' title='bbox 2936 1746 3199 1818; x_wconf 88' lang='lat' dir='ltr'>meritis,</span> <span class='ocrx_word' id='word_1_420' title='bbox 3230 1763 3447 1824; x_wconf 88' lang='lat' dir='ltr'>neque</span> <span class='ocrx_word' id='word_1_421' title='bbox 3486 1744 3699 1822; x_wconf 82' lang='lat' dir='ltr'>aliquid</span> 
     </span>
     <span class='ocr_line' id='line_1_70' title="bbox 2152 1840 3699 1920; baseline -0.005 -14"><span class='ocrx_word' id='word_1_422' title='bbox 2152 1843 2439 1906; x_wconf 87' lang='lat' dir='ltr'>docuisse</span> <span class='ocrx_word' id='word_1_423' title='bbox 2490 1843 2787 1904; x_wconf 62' lang='lat' dir='ltr'>doctrinae</span> <span class='ocrx_word' id='word_1_424' title='bbox 2836 1840 3165 1920; x_wconf 82' lang='lat' dir='ltr'>Augustini</span> <span class='ocrx_word' id='word_1_425' title='bbox 3218 1856 3519 1918; x_wconf 81' lang='lat' dir='ltr'>expresse</span> <span class='ocrx_word' id='word_1_426' title='bbox 3570 1857 3699 1898; x_wconf 87' lang='lat' dir='ltr'>coa-</span> 
     </span>
     <span class='ocr_line' id='line_1_71' title="bbox 2150 1933 3697 2014; baseline -0.006 -15"><span class='ocrx_word' id='word_1_427' title='bbox 2150 1939 2435 1999; x_wconf 88' lang='lat' dir='ltr'>trarium.</span> <span class='ocrx_word' id='word_1_428' title='bbox 2481 1934 2662 2000; x_wconf 89' lang='lat' dir='ltr'>Unde</span> <span class='ocrx_word' id='word_1_429' title='bbox 2693 1953 2857 2014; x_wconf 81' lang='lat' dir='ltr'>saepe</span> <span class='ocrx_word' id='word_1_430' title='bbox 2885 1934 3275 2013; x_wconf 84' lang='lat' dir='ltr'>Augustinus</span> <span class='ocrx_word' id='word_1_431' title='bbox 3304 1951 3413 1992; x_wconf 89' lang='lat' dir='ltr'>eos</span> <span class='ocrx_word' id='word_1_432' title='bbox 3434 1933 3507 1991; x_wconf 86' lang='lat' dir='ltr'>in</span> <span class='ocrx_word' id='word_1_433' title='bbox 3540 1949 3697 1990; x_wconf 86' lang='lat' dir='ltr'>suam</span> 
     </span>
     <span class='ocr_line' id='line_1_72' title="bbox 2151 2025 3695 2104; baseline -0.005 -13"><span class='ocrx_word' id='word_1_434' title='bbox 2151 2030 2525 2092; x_wconf 87' lang='lat' dir='ltr'>sententiam</span> <span class='ocrx_word' id='word_1_435' title='bbox 2568 2028 2885 2089; x_wconf 86' lang='lat' dir='ltr'>adducere</span> <span class='ocrx_word' id='word_1_436' title='bbox 2948 2033 3011 2087; x_wconf 86' lang='lat' dir='ltr'>et</span> <span class='ocrx_word' id='word_1_437' title='bbox 3078 2025 3483 2104; x_wconf 82' lang='lat' dir='ltr'>interpretari</span> <span class='ocrx_word' id='word_1_438' title='bbox 3536 2043 3695 2084; x_wconf 84' lang='lat' dir='ltr'>cona-</span> 
     </span>
     <span class='ocr_line' id='line_1_73' title="bbox 2149 2118 3693 2199; baseline -0.005 -14"><span class='ocrx_word' id='word_1_439' title='bbox 2149 2131 2293 2196; x_wconf 85' lang='lat' dir='ltr'>tur;</span> <span class='ocrx_word' id='word_1_440' title='bbox 2334 2124 2458 2184; x_wconf 85' lang='lat' dir='ltr'>vid.</span> <span class='ocrx_word' id='word_1_441' title='bbox 2488 2123 2597 2184; x_wconf 86' lang='lat' dir='ltr'>lib.</span> <span class='ocrx_word' id='word_1_442' title='bbox 2640 2125 2680 2184; x_wconf 71' lang='lat'><strong>4</strong></span> <span class='ocrx_word' id='word_1_443' title='bbox 2708 2127 2912 2182; x_wconf 87' lang='lat' dir='ltr'>contr.</span> <span class='ocrx_word' id='word_1_444' title='bbox 2942 2121 3105 2182; x_wconf 88' lang='lat' dir='ltr'>duas</span> <span class='ocrx_word' id='word_1_445' title='bbox 3142 2121 3325 2199; x_wconf 87' lang='lat' dir='ltr'>epist.</span> <span class='ocrx_word' id='word_1_446' title='bbox 3370 2118 3611 2197; x_wconf 86' lang='lat' dir='ltr'>Pelag.,</span> <span class='ocrx_word' id='word_1_447' title='bbox 3647 2137 3693 2178; x_wconf 85' lang='lat' dir='ltr'>c.</span> 
     </span>
     <span class='ocr_line' id='line_1_74' title="bbox 2148 2212 3695 2294; baseline -0.003 -18"><span class='ocrx_word' id='word_1_448' title='bbox 2148 2219 2248 2288; x_wconf 84' lang='grc'>11,</span> <span class='ocrx_word' id='word_1_449' title='bbox 2274 2223 2339 2276; x_wconf 88' lang='lat' dir='ltr'>et</span> <span class='ocrx_word' id='word_1_450' title='bbox 2366 2216 2473 2276; x_wconf 90' lang='lat' dir='ltr'>lib.</span> <span class='ocrx_word' id='word_1_451' title='bbox 2507 2215 2587 2277; x_wconf 90' lang='lat' dir='ltr'>de</span> <span class='ocrx_word' id='word_1_452' title='bbox 2624 2216 2859 2276; x_wconf 88' lang='lat' dir='ltr'>Natura</span> <span class='ocrx_word' id='word_1_453' title='bbox 2896 2219 2959 2274; x_wconf 92' lang='lat' dir='ltr'>et</span> <span class='ocrx_word' id='word_1_454' title='bbox 2983 2212 3207 2294; x_wconf 87' lang='lat' dir='ltr'>gratia,</span> <span class='ocrx_word' id='word_1_455' title='bbox 3242 2231 3298 2272; x_wconf 90' lang='lat' dir='ltr'>c.</span> <span class='ocrx_word' id='word_1_456' title='bbox 3334 2213 3407 2272; x_wconf 85' lang='grc'>61</span> <span class='ocrx_word' id='word_1_457' title='bbox 3448 2217 3511 2272; x_wconf 91' lang='lat' dir='ltr'>et</span> <span class='ocrx_word' id='word_1_458' title='bbox 3546 2229 3695 2290; x_wconf 76' lang='lat' dir='ltr'>seq..</span> 
     </span>
     <span class='ocr_line' id='line_1_75' title="bbox 2150 2306 3690 2385; baseline -0.005 -14"><span class='ocrx_word' id='word_1_459' title='bbox 2150 2317 2211 2371; x_wconf 86' lang='lat' dir='ltr'>et</span> <span class='ocrx_word' id='word_1_460' title='bbox 2248 2309 2354 2370; x_wconf 90' lang='lat' dir='ltr'>lib.</span> <span class='ocrx_word' id='word_1_461' title='bbox 2397 2309 2475 2370; x_wconf 93' lang='lat' dir='ltr'>de</span> <span class='ocrx_word' id='word_1_462' title='bbox 2508 2308 2801 2370; x_wconf 79' lang='lat' dir='ltr'>Praedest.</span> <span class='ocrx_word' id='word_1_463' title='bbox 2850 2309 3163 2376; x_wconf 87' lang='lat' dir='ltr'>Sanctor.,</span> <span class='ocrx_word' id='word_1_464' title='bbox 3194 2323 3333 2385; x_wconf 88' lang='lat' dir='ltr'>cap.</span> <span class='ocrx_word' id='word_1_465' title='bbox 3368 2307 3484 2378; x_wconf 70' lang='grc'>14;</span> <span class='ocrx_word' id='word_1_466' title='bbox 3512 2312 3579 2366; x_wconf 86' lang='lat' dir='ltr'>et</span> <span class='ocrx_word' id='word_1_467' title='bbox 3602 2306 3690 2364; x_wconf 88' lang='lat' dir='ltr'>lib.</span> 
     </span>
     <span class='ocr_line' id='line_1_76' title="bbox 2150 2399 3695 2480; baseline -0.004 -18"><span class='ocrx_word' id='word_1_468' title='bbox 2150 2403 2227 2462; x_wconf 91' lang='lat' dir='ltr'>de</span> <span class='ocrx_word' id='word_1_469' title='bbox 2258 2403 2433 2463; x_wconf 90' lang='lat' dir='ltr'>Dono</span> <span class='ocrx_word' id='word_1_470' title='bbox 2462 2417 2734 2480; x_wconf 64' lang='lat' dir='ltr'>persev„</span> <span class='ocrx_word' id='word_1_471' title='bbox 2758 2417 2898 2479; x_wconf 87' lang='lat' dir='ltr'>cap.</span> <span class='ocrx_word' id='word_1_472' title='bbox 2934 2403 3034 2473; x_wconf 86' lang='grc'>19,</span> <span class='ocrx_word' id='word_1_473' title='bbox 3064 2401 3173 2462; x_wconf 89' lang='lat' dir='ltr'>ubi</span> <span class='ocrx_word' id='word_1_474' title='bbox 3194 2399 3447 2460; x_wconf 82' lang='lat' dir='ltr'>adducit</span> <span class='ocrx_word' id='word_1_475' title='bbox 3462 2399 3695 2477; x_wconf 79' lang='lat' dir='ltr'>Cypria-</span> 
     </span>
     <span class='ocr_line' id='line_1_77' title="bbox 2148 2492 3695 2574; baseline -0.002 -20"><span class='ocrx_word' id='word_1_476' title='bbox 2148 2513 2323 2570; x_wconf 90' lang='lat' dir='ltr'>num,</span> <span class='ocrx_word' id='word_1_477' title='bbox 2380 2494 2751 2574; x_wconf 87' lang='lat' dir='ltr'>Gregorium</span> <span class='ocrx_word' id='word_1_478' title='bbox 2794 2493 3277 2566; x_wconf 88' lang='lat' dir='ltr'>Nazianzenum,</span> <span class='ocrx_word' id='word_1_479' title='bbox 3324 2498 3389 2553; x_wconf 90' lang='lat' dir='ltr'>et</span> <span class='ocrx_word' id='word_1_480' title='bbox 3446 2492 3695 2552; x_wconf 83' lang='lat' dir='ltr'>Ambro-</span> 
     </span>
     <span class='ocr_line' id='line_1_78' title="bbox 2150 2586 3697 2665; baseline -0.003 -16"><span class='ocrx_word' id='word_1_481' title='bbox 2150 2588 2335 2661; x_wconf 90' lang='lat' dir='ltr'>sium,</span> <span class='ocrx_word' id='word_1_482' title='bbox 2367 2587 2547 2664; x_wconf 88' lang='lat' dir='ltr'>eujus</span> <span class='ocrx_word' id='word_1_483' title='bbox 2582 2587 2819 2665; x_wconf 87' lang='lat' dir='ltr'>optima</span> <span class='ocrx_word' id='word_1_484' title='bbox 2844 2593 2991 2648; x_wconf 88' lang='lat' dir='ltr'>sunt</span> <span class='ocrx_word' id='word_1_485' title='bbox 3014 2586 3121 2648; x_wconf 92' lang='lat' dir='ltr'>illa</span> <span class='ocrx_word' id='word_1_486' title='bbox 3147 2586 3341 2648; x_wconf 77' lang='lat' dir='ltr'>verba</span> <span class='ocrx_word' id='word_1_487' title='bbox 3378 2605 3567 2664; x_wconf 84' lang='lat' dir='ltr'>super</span> <span class='ocrx_word' id='word_1_488' title='bbox 3594 2587 3697 2646; x_wconf 86' lang='lat' dir='ltr'>Lu·</span> 
     </span>
     <span class='ocr_line' id='line_1_79' title="bbox 2150 2678 3696 2759; baseline -0.002 -17"><span class='ocrx_word' id='word_1_489' title='bbox 2150 2699 2309 2754; x_wconf 90' lang='lat' dir='ltr'>cam,</span> <span class='ocrx_word' id='word_1_490' title='bbox 2344 2680 2409 2740; x_wconf 90' lang='lat' dir='ltr'>in</span> <span class='ocrx_word' id='word_1_491' title='bbox 2450 2679 2750 2759; x_wconf 89' lang='lat' dir='ltr'>principio</span> <span class='ocrx_word' id='word_1_492' title='bbox 2782 2697 2797 2738; x_wconf 90' lang='lat'><strong>:</strong></span> <span class='ocrx_word' id='word_1_493' title='bbox 2838 2678 3023 2752; x_wconf 74' lang='lat' dir='ltr'>Quem</span> <span class='ocrx_word' id='word_1_494' title='bbox 3058 2681 3225 2742; x_wconf 72' lang='lat' dir='ltr'>Deus</span> <span class='ocrx_word' id='word_1_495' title='bbox 3266 2681 3619 2748; x_wconf 70' lang='lat' dir='ltr'>miseratur,</span> <span class='ocrx_word' id='word_1_496' title='bbox 3646 2683 3696 2740; x_wconf 78' lang='lat' dir='ltr'>et</span> 
     </span>
     <span class='ocr_line' id='line_1_80' title="bbox 2145 2773 3695 2854; baseline -0.003 -17"><span class='ocrx_word' id='word_1_497' title='bbox 2145 2779 2318 2838; x_wconf 81' lang='lat' dir='ltr'>vocat</span> <span class='ocrx_word' id='word_1_498' title='bbox 2337 2798 2364 2847; x_wconf 88' lang='lat'>,·</span> <span class='ocrx_word' id='word_1_499' title='bbox 2412 2781 2475 2834; x_wconf 86' lang='lat' dir='ltr'>et</span> <span class='ocrx_word' id='word_1_500' title='bbox 2506 2773 2609 2834; x_wconf 87' lang='lat' dir='ltr'>illa</span> <span class='ocrx_word' id='word_1_501' title='bbox 2637 2773 2784 2834; x_wconf 87' lang='lat' dir='ltr'>Luc.</span> <span class='ocrx_word' id='word_1_502' title='bbox 2810 2776 2851 2834; x_wconf 86' lang='lat'>9</span> <span class='ocrx_word' id='word_1_503' title='bbox 2879 2791 2893 2832; x_wconf 91' lang='lat'><strong>:</strong></span> <span class='ocrx_word' id='word_1_504' title='bbox 2938 2773 3105 2836; x_wconf 74' lang='lat' dir='ltr'>Deus</span> <span class='ocrx_word' id='word_1_505' title='bbox 3132 2791 3279 2854; x_wconf 75' lang='lat' dir='ltr'>quos</span> <span class='ocrx_word' id='word_1_506' title='bbox 3302 2775 3594 2854; x_wconf 70' lang='lat' dir='ltr'>diynatur</span> <span class='ocrx_word' id='word_1_507' title='bbox 3612 2791 3695 2834; x_wconf 75' lang='lat' dir='ltr'>to-</span> 
     </span>
     <span class='ocr_line' id='line_1_81' title="bbox 2146 2865 3695 2948; baseline -0.001 -18"><span class='ocrx_word' id='word_1_508' title='bbox 2146 2873 2269 2940; x_wconf 79' lang='lat' dir='ltr'>cat,</span> <span class='ocrx_word' id='word_1_509' title='bbox 2301 2873 2359 2930; x_wconf 79' lang='lat' dir='ltr'>et</span> <span class='ocrx_word' id='word_1_510' title='bbox 2382 2885 2553 2948; x_wconf 78' lang='lat' dir='ltr'>quem</span> <span class='ocrx_word' id='word_1_511' title='bbox 2586 2867 2721 2930; x_wconf 72' lang='lat' dir='ltr'>vult</span> <span class='ocrx_word' id='word_1_512' title='bbox 2758 2865 3105 2947; x_wconf 61' lang='lat' dir='ltr'>religiosum</span> <span class='ocrx_word' id='word_1_513' title='bbox 3126 2870 3302 2948; x_wconf 76' lang='lat' dir='ltr'>facit.</span> <span class='ocrx_word' id='word_1_514' title='bbox 3337 2869 3494 2928; x_wconf 88' lang='lat' dir='ltr'>Nam</span> <span class='ocrx_word' id='word_1_515' title='bbox 3522 2869 3589 2927; x_wconf 89' lang='lat' dir='ltr'>in</span> <span class='ocrx_word' id='word_1_516' title='bbox 3612 2869 3695 2928; x_wconf 85' lang='lat' dir='ltr'>his</span> 
     </span>
     <span class='ocr_line' id='line_1_82' title="bbox 2146 2958 3697 3041; baseline -0.001 -20"><span class='ocrx_word' id='word_1_517' title='bbox 2146 2961 2296 3021; x_wconf 87' lang='lat' dir='ltr'>satis</span> <span class='ocrx_word' id='word_1_518' title='bbox 2323 2959 2631 3039; x_wconf 84' lang='lat' dir='ltr'>significat</span> <span class='ocrx_word' id='word_1_519' title='bbox 2646 2960 3013 3021; x_wconf 83' lang='lat' dir='ltr'>Ambrosius</span> <span class='ocrx_word' id='word_1_520' title='bbox 3037 2958 3409 3022; x_wconf 88' lang='lat' dir='ltr'>electionem</span> <span class='ocrx_word' id='word_1_521' title='bbox 3436 2961 3545 3023; x_wconf 92' lang='lat' dir='ltr'>Dei</span> <span class='ocrx_word' id='word_1_522' title='bbox 3568 2981 3697 3041; x_wconf 84' lang='lat' dir='ltr'>gra-</span> 
     </span>
     <span class='ocr_line' id='line_1_83' title="bbox 2142 3052 3696 3135; baseline -0.001 -19"><span class='ocrx_word' id='word_1_523' title='bbox 2142 3055 2385 3128; x_wconf 89' lang='lat' dir='ltr'>tuitam,</span> <span class='ocrx_word' id='word_1_524' title='bbox 2419 3071 2533 3116; x_wconf 88' lang='lat' dir='ltr'>seu</span> <span class='ocrx_word' id='word_1_525' title='bbox 2583 3052 2970 3116; x_wconf 78' lang='lat' dir='ltr'>voluntatem</span> <span class='ocrx_word' id='word_1_526' title='bbox 3010 3053 3202 3115; x_wconf 87' lang='lat' dir='ltr'>dandi</span> <span class='ocrx_word' id='word_1_527' title='bbox 3246 3053 3463 3127; x_wconf 80' lang='lat' dir='ltr'>tidem,</span> <span class='ocrx_word' id='word_1_528' title='bbox 3504 3056 3696 3135; x_wconf 85' lang='lat' dir='ltr'>poeni-</span> 
     </span>
     <span class='ocr_line' id='line_1_84' title="bbox 2142 3146 3697 3227; baseline 0 -18"><span class='ocrx_word' id='word_1_529' title='bbox 2142 3148 2423 3221; x_wconf 87' lang='lat' dir='ltr'>tentiam‚</span> <span class='ocrx_word' id='word_1_530' title='bbox 2454 3153 2563 3208; x_wconf 83' lang='lat' dir='ltr'>aut</span> <span class='ocrx_word' id='word_1_531' title='bbox 2588 3146 2876 3227; x_wconf 76' lang='lat' dir='ltr'>gloriam,</span> <span class='ocrx_word' id='word_1_532' title='bbox 2910 3164 3051 3209; x_wconf 88' lang='lat' dir='ltr'>esse</span> <span class='ocrx_word' id='word_1_533' title='bbox 3080 3146 3363 3209; x_wconf 89' lang='lat' dir='ltr'>radicem</span> <span class='ocrx_word' id='word_1_534' title='bbox 3378 3150 3697 3209; x_wconf 87' lang='lat' dir='ltr'>omnisho-</span> 
     </span>
     <span class='ocr_line' id='line_1_85' title="bbox 2144 3239 3691 3320; baseline 0.002 -21"><span class='ocrx_word' id='word_1_535' title='bbox 2144 3242 2211 3299; x_wconf 89' lang='lat' dir='ltr'>ni</span> <span class='ocrx_word' id='word_1_536' title='bbox 2240 3240 2752 3320; x_wconf 87' lang='lat' dir='ltr'>supernaturalis,</span> <span class='ocrx_word' id='word_1_537' title='bbox 2788 3239 2960 3318; x_wconf 89' lang='lat' dir='ltr'>quod</span> <span class='ocrx_word' id='word_1_538' title='bbox 2978 3242 3145 3300; x_wconf 90' lang='lat' dir='ltr'>Deus</span> <span class='ocrx_word' id='word_1_539' title='bbox 3174 3244 3471 3319; x_wconf 87' lang='lat' dir='ltr'>operatur</span> <span class='ocrx_word' id='word_1_540' title='bbox 3500 3240 3559 3303; x_wconf 92' lang='lat' dir='ltr'>in</span> <span class='ocrx_word' id='word_1_541' title='bbox 3590 3243 3691 3302; x_wconf 91' lang='lat' dir='ltr'>ho-</span> 
     </span>
     <span class='ocr_line' id='line_1_86' title="bbox 2142 3332 3689 3413; baseline 0.001 -18"><span class='ocrx_word' id='word_1_542' title='bbox 2142 3333 2333 3395; x_wconf 88' lang='lat' dir='ltr'>mine.</span> <span class='ocrx_word' id='word_1_543' title='bbox 2374 3333 2579 3405; x_wconf 87' lang='lat' dir='ltr'>Quum</span> <span class='ocrx_word' id='word_1_544' title='bbox 2610 3350 2759 3413; x_wconf 85' lang='lat' dir='ltr'>ergo</span> <span class='ocrx_word' id='word_1_545' title='bbox 2781 3334 2845 3393; x_wconf 89' lang='lat' dir='ltr'>hi</span> <span class='ocrx_word' id='word_1_546' title='bbox 2880 3334 3095 3395; x_wconf 87' lang='lat' dir='ltr'>Patres</span> <span class='ocrx_word' id='word_1_547' title='bbox 3122 3332 3481 3412; x_wconf 82' lang='lat' dir='ltr'>significant</span> <span class='ocrx_word' id='word_1_548' title='bbox 3502 3336 3689 3397; x_wconf 88' lang='lat' dir='ltr'>Deum</span> 
     </span>
     <span class='ocr_line' id='line_1_87' title="bbox 2142 3428 3689 3509; baseline 0.001 -22"><span class='ocrx_word' id='word_1_549' title='bbox 2142 3428 2461 3489; x_wconf 89' lang='lat' dir='ltr'>neminem</span> <span class='ocrx_word' id='word_1_550' title='bbox 2498 3428 2769 3489; x_wconf 79' lang='lat' dir='ltr'>voluisse</span> <span class='ocrx_word' id='word_1_551' title='bbox 2796 3428 3060 3501; x_wconf 86' lang='lat' dir='ltr'>salvare,</span> <span class='ocrx_word' id='word_1_552' title='bbox 3092 3428 3213 3489; x_wconf 90' lang='lat' dir='ltr'>nisi</span> <span class='ocrx_word' id='word_1_553' title='bbox 3254 3446 3331 3489; x_wconf 86' lang='lat' dir='ltr'>ex</span> <span class='ocrx_word' id='word_1_554' title='bbox 3374 3431 3689 3509; x_wconf 75' lang='lat' dir='ltr'>praescien-</span> 
     </span>
     <span class='ocr_line' id='line_1_88' title="bbox 2142 3520 3689 3600; baseline 0 -17"><span class='ocrx_word' id='word_1_555' title='bbox 2142 3522 2227 3583; x_wconf 85' lang='lat' dir='ltr'>tia</span> <span class='ocrx_word' id='word_1_556' title='bbox 2262 3522 2657 3594; x_wconf 88' lang='lat' dir='ltr'>meritorum,</span> <span class='ocrx_word' id='word_1_557' title='bbox 2684 3520 2785 3583; x_wconf 83' lang='lat' dir='ltr'>vel</span> <span class='ocrx_word' id='word_1_558' title='bbox 2824 3522 3166 3600; x_wconf 86' lang='lat' dir='ltr'>loquuntur</span> <span class='ocrx_word' id='word_1_559' title='bbox 3204 3522 3409 3583; x_wconf 90' lang='lat' dir='ltr'>solum</span> <span class='ocrx_word' id='word_1_560' title='bbox 3436 3522 3516 3583; x_wconf 90' lang='lat' dir='ltr'>de</span> <span class='ocrx_word' id='word_1_561' title='bbox 3540 3524 3689 3585; x_wconf 87' lang='lat' dir='ltr'>elec-</span> 
     </span>
     <span class='ocr_line' id='line_1_89' title="bbox 2142 3616 3684 3695; baseline 0 -18"><span class='ocrx_word' id='word_1_562' title='bbox 2142 3616 2333 3687; x_wconf 91' lang='lat' dir='ltr'>tione,</span> <span class='ocrx_word' id='word_1_563' title='bbox 2372 3634 2513 3695; x_wconf 83' lang='lat' dir='ltr'>quoe</span> <span class='ocrx_word' id='word_1_564' title='bbox 2536 3623 2631 3677; x_wconf 87' lang='lat' dir='ltr'>est</span> <span class='ocrx_word' id='word_1_565' title='bbox 2659 3634 2773 3695; x_wconf 89' lang='lat' dir='ltr'>per</span> <span class='ocrx_word' id='word_1_566' title='bbox 2798 3616 3061 3677; x_wconf 87' lang='lat' dir='ltr'>modum</span> <span class='ocrx_word' id='word_1_567' title='bbox 3072 3616 3480 3689; x_wconf 80' lang='lat' dir='ltr'>executionis,</span> <span class='ocrx_word' id='word_1_568' title='bbox 3512 3634 3684 3695; x_wconf 88' lang='lat' dir='ltr'>quam</span> 
     </span>
     <span class='ocr_line' id='line_1_90' title="bbox 2140 3708 3687 3789; baseline 0.001 -22"><span class='ocrx_word' id='word_1_569' title='bbox 2140 3709 2345 3769; x_wconf 88' lang='lat' dir='ltr'>statim</span> <span class='ocrx_word' id='word_1_570' title='bbox 2373 3708 2707 3770; x_wconf 87' lang='lat' dir='ltr'>declarabo</span> <span class='ocrx_word' id='word_1_571' title='bbox 2736 3726 2755 3781; x_wconf 78' lang='lat'>3</span> <span class='ocrx_word' id='word_1_572' title='bbox 2795 3708 2895 3769; x_wconf 83' lang='lat' dir='ltr'>vel</span> <span class='ocrx_word' id='word_1_573' title='bbox 2924 3714 3093 3770; x_wconf 88' lang='lat' dir='ltr'>certe</span> <span class='ocrx_word' id='word_1_574' title='bbox 3132 3708 3337 3769; x_wconf 87' lang='lat' dir='ltr'>solum</span> <span class='ocrx_word' id='word_1_575' title='bbox 3354 3709 3687 3789; x_wconf 84' lang='lat' dir='ltr'>significant</span> 
     </span>
     <span class='ocr_line' id='line_1_91' title="bbox 2138 3800 3685 3881; baseline 0 -19"><span class='ocrx_word' id='word_1_576' title='bbox 2138 3803 2338 3863; x_wconf 88' lang='lat' dir='ltr'>Deum</span> <span class='ocrx_word' id='word_1_577' title='bbox 2376 3802 2698 3863; x_wconf 89' lang='lat' dir='ltr'>neminem</span> <span class='ocrx_word' id='word_1_578' title='bbox 2732 3800 2999 3881; x_wconf 85' lang='lat' dir='ltr'>elegisse</span> <span class='ocrx_word' id='word_1_579' title='bbox 3028 3801 3425 3875; x_wconf 79' lang='lat' dir='ltr'>salvandum,</span> <span class='ocrx_word' id='word_1_580' title='bbox 3450 3803 3567 3863; x_wconf 84' lang='lat' dir='ltr'>nisi</span> <span class='ocrx_word' id='word_1_581' title='bbox 3582 3821 3685 3881; x_wconf 86' lang='lat' dir='ltr'>per</span> 
     </span>
     <span class='ocr_line' id='line_1_92' title="bbox 2140 3894 3681 3974; baseline 0.001 -18"><span class='ocrx_word' id='word_1_582' title='bbox 2140 3896 2363 3956; x_wconf 90' lang='lat' dir='ltr'>merita</span> <span class='ocrx_word' id='word_1_583' title='bbox 2382 3940 2401 3970; x_wconf 93' lang='lat'>,</span> <span class='ocrx_word' id='word_1_584' title='bbox 2440 3912 2568 3955; x_wconf 89' lang='lat' dir='ltr'>non</span> <span class='ocrx_word' id='word_1_585' title='bbox 2618 3894 2791 3974; x_wconf 89' lang='lat' dir='ltr'>quod</span> <span class='ocrx_word' id='word_1_586' title='bbox 2814 3895 3039 3957; x_wconf 86' lang='lat' dir='ltr'>merita</span> <span class='ocrx_word' id='word_1_587' title='bbox 3066 3895 3193 3955; x_wconf 86' lang='lat' dir='ltr'>sint</span> <span class='ocrx_word' id='word_1_588' title='bbox 3232 3914 3425 3957; x_wconf 87' lang='lat' dir='ltr'>causa</span> <span class='ocrx_word' id='word_1_589' title='bbox 3454 3894 3681 3957; x_wconf 84' lang='lat' dir='ltr'>electio-</span> 
     </span>
     <span class='ocr_line' id='line_1_93' title="bbox 2136 3988 3683 4069; baseline 0.002 -19"><span class='ocrx_word' id='word_1_590' title='bbox 2136 3990 2259 4062; x_wconf 89' lang='lat' dir='ltr'>nis,</span> <span class='ocrx_word' id='word_1_591' title='bbox 2292 3988 2405 4051; x_wconf 91' lang='lat' dir='ltr'>sed</span> <span class='ocrx_word' id='word_1_592' title='bbox 2433 3988 2673 4065; x_wconf 86' lang='lat' dir='ltr'>salutis,</span> <span class='ocrx_word' id='word_1_593' title='bbox 2716 3994 2781 4051; x_wconf 89' lang='lat' dir='ltr'>et</span> <span class='ocrx_word' id='word_1_594' title='bbox 2822 3991 3091 4069; x_wconf 89' lang='lat' dir='ltr'>ipsamet</span> <span class='ocrx_word' id='word_1_595' title='bbox 3118 3988 3347 4051; x_wconf 83' lang='lat' dir='ltr'>cadant</span> <span class='ocrx_word' id='word_1_596' title='bbox 3388 3990 3507 4053; x_wconf 90' lang='lat' dir='ltr'>sub</span> <span class='ocrx_word' id='word_1_597' title='bbox 3534 4008 3683 4053; x_wconf 86' lang='lat' dir='ltr'>eam-</span> 
     </span>
     <span class='ocr_line' id='line_1_94' title="bbox 2138 4082 3679 4163; baseline 0 -20"><span class='ocrx_word' id='word_1_598' title='bbox 2138 4083 2283 4143; x_wconf 90' lang='lat' dir='ltr'>dem</span> <span class='ocrx_word' id='word_1_599' title='bbox 2304 4082 2715 4154; x_wconf 77' lang='lat' dir='ltr'>electionem3</span> <span class='ocrx_word' id='word_1_600' title='bbox 2756 4100 2929 4153; x_wconf 90' lang='lat' dir='ltr'>nam,</span> <span class='ocrx_word' id='word_1_601' title='bbox 2958 4100 3149 4161; x_wconf 89' lang='lat' dir='ltr'>quem</span> <span class='ocrx_word' id='word_1_602' title='bbox 3176 4084 3344 4145; x_wconf 91' lang='lat' dir='ltr'>Deus</span> <span class='ocrx_word' id='word_1_603' title='bbox 3370 4084 3561 4163; x_wconf 87' lang='lat' dir='ltr'>gratis</span> <span class='ocrx_word' id='word_1_604' title='bbox 3586 4085 3679 4145; x_wconf 80' lang='lat' dir='ltr'>eli-</span> 
     </span>
     <span class='ocr_line' id='line_1_95' title="bbox 2138 4175 3673 4256; baseline 0.001 -21"><span class='ocrx_word' id='word_1_605' title='bbox 2138 4176 2227 4255; x_wconf 88' lang='lat' dir='ltr'>git</span> <span class='ocrx_word' id='word_1_606' title='bbox 2247 4175 2329 4236; x_wconf 88' lang='lat' dir='ltr'>ad</span> <span class='ocrx_word' id='word_1_607' title='bbox 2356 4176 2643 4255; x_wconf 82' lang='lat' dir='ltr'>gloriam,</span> <span class='ocrx_word' id='word_1_608' title='bbox 2686 4176 2879 4255; x_wconf 83' lang='lat' dir='ltr'>gratis</span> <span class='ocrx_word' id='word_1_609' title='bbox 2908 4176 3100 4245; x_wconf 84' lang='lat' dir='ltr'>etiam</span> <span class='ocrx_word' id='word_1_610' title='bbox 3138 4176 3313 4256; x_wconf 86' lang='lat' dir='ltr'>eligit</span> <span class='ocrx_word' id='word_1_611' title='bbox 3338 4177 3423 4238; x_wconf 87' lang='lat' dir='ltr'>ad</span> <span class='ocrx_word' id='word_1_612' title='bbox 3448 4178 3673 4249; x_wconf 82' lang='lat' dir='ltr'>merita,</span> 
     </span>
     <span class='ocr_line' id='line_1_96' title="bbox 2142 4268 3678 4348; baseline 0 -19"><span class='ocrx_word' id='word_1_613' title='bbox 2142 4286 2283 4348; x_wconf 78' lang='lat' dir='ltr'>quae</span> <span class='ocrx_word' id='word_1_614' title='bbox 2310 4270 2599 4330; x_wconf 86' lang='lat' dir='ltr'>coronari</span> <span class='ocrx_word' id='word_1_615' title='bbox 2630 4269 2874 4347; x_wconf 89' lang='lat' dir='ltr'>possint</span> <span class='ocrx_word' id='word_1_616' title='bbox 2908 4286 3023 4348; x_wconf 87' lang='lat' dir='ltr'>per</span> <span class='ocrx_word' id='word_1_617' title='bbox 3064 4268 3282 4348; x_wconf 76' lang='lat' dir='ltr'>gloriae</span> <span class='ocrx_word' id='word_1_618' title='bbox 3314 4270 3678 4331; x_wconf 84' lang='lat' dir='ltr'>consecutio-</span> 
     </span>
     <span class='ocr_line' id='line_1_97' title="bbox 2140 4361 3677 4444; baseline 0 -23"><span class='ocrx_word' id='word_1_619' title='bbox 2140 4380 2311 4422; x_wconf 89' lang='lat' dir='ltr'>nem.</span> <span class='ocrx_word' id='word_1_620' title='bbox 2348 4364 2551 4440; x_wconf 86' lang='lat' dir='ltr'>Atque</span> <span class='ocrx_word' id='word_1_621' title='bbox 2597 4362 2661 4421; x_wconf 92' lang='lat' dir='ltr'>in</span> <span class='ocrx_word' id='word_1_622' title='bbox 2690 4361 2813 4423; x_wconf 88' lang='lat' dir='ltr'>hoc</span> <span class='ocrx_word' id='word_1_623' title='bbox 2834 4378 3047 4433; x_wconf 90' lang='lat' dir='ltr'>sensu,</span> <span class='ocrx_word' id='word_1_624' title='bbox 3082 4362 3303 4423; x_wconf 85' lang='lat' dir='ltr'>electio</span> <span class='ocrx_word' id='word_1_625' title='bbox 3320 4363 3405 4423; x_wconf 88' lang='lat' dir='ltr'>ad</span> <span class='ocrx_word' id='word_1_626' title='bbox 3438 4363 3677 4444; x_wconf 81' lang='lat' dir='ltr'>gloriam</span> 
     </span>
     <span class='ocr_line' id='line_1_98' title="bbox 2137 4453 3680 4536; baseline -0.001 -19"><span class='ocrx_word' id='word_1_627' title='bbox 2137 4453 2649 4533; x_wconf 88' lang='lat' dir='ltr'>consequendam</span> <span class='ocrx_word' id='word_1_628' title='bbox 2676 4472 2789 4534; x_wconf 87' lang='lat' dir='ltr'>per</span> <span class='ocrx_word' id='word_1_629' title='bbox 2810 4455 3027 4515; x_wconf 83' lang='lat' dir='ltr'>merita</span> <span class='ocrx_word' id='word_1_630' title='bbox 3042 4456 3341 4535; x_wconf 87' lang='lat' dir='ltr'>supponit</span> <span class='ocrx_word' id='word_1_631' title='bbox 3362 4457 3680 4536; x_wconf 76' lang='lat' dir='ltr'>praeseien-</span> 
     </span>
     <span class='ocr_line' id='line_1_99' title="bbox 2138 4548 3679 4624; baseline -0.001 -15"><span class='ocrx_word' id='word_1_632' title='bbox 2138 4548 2291 4609; x_wconf 87' lang='lat' dir='ltr'>tiam</span> <span class='ocrx_word' id='word_1_633' title='bbox 2330 4548 2717 4622; x_wconf 87' lang='lat' dir='ltr'>meritorum,</span> <span class='ocrx_word' id='word_1_634' title='bbox 2754 4564 2881 4609; x_wconf 91' lang='lat' dir='ltr'>non</span> <span class='ocrx_word' id='word_1_635' title='bbox 2916 4548 3297 4624; x_wconf 85' lang='lat' dir='ltr'>absolutam,</span> <span class='ocrx_word' id='word_1_636' title='bbox 3330 4550 3446 4611; x_wconf 88' lang='lat' dir='ltr'>sed</span> <span class='ocrx_word' id='word_1_637' title='bbox 3483 4548 3679 4613; x_wconf 77' lang='lat' dir='ltr'>contii-</span> 
     </span>
     <span class='ocr_line' id='line_1_100' title="bbox 2138 4643 3675 4722; baseline 0.003 -19"><span class='ocrx_word' id='word_1_638' title='bbox 2138 4643 2482 4715; x_wconf 79' lang='lat' dir='ltr'>tionatam3</span> <span class='ocrx_word' id='word_1_639' title='bbox 2536 4658 2653 4721; x_wconf 93' lang='lat' dir='ltr'>per</span> <span class='ocrx_word' id='word_1_640' title='bbox 2692 4658 2883 4718; x_wconf 88' lang='lat' dir='ltr'>quam</span> <span class='ocrx_word' id='word_1_641' title='bbox 2921 4659 3053 4701; x_wconf 90' lang='lat' dir='ltr'>non</span> <span class='ocrx_word' id='word_1_642' title='bbox 3108 4652 3568 4722; x_wconf 85' lang='lat' dir='ltr'>cognoscuntur</span> <span class='ocrx_word' id='word_1_643' title='bbox 3608 4652 3675 4707; x_wconf 87' lang='lat' dir='ltr'>ut</span> 
     </span>
     <span class='ocr_line' id='line_1_101' title="bbox 2138 4734 3675 4821; baseline 0.003 -24"><span class='ocrx_word' id='word_1_644' title='bbox 2138 4754 2327 4797; x_wconf 88' lang='lat' dir='ltr'>causa</span> <span class='ocrx_word' id='word_1_645' title='bbox 2365 4734 2469 4796; x_wconf 76' lang='lat' dir='ltr'>vel</span> <span class='ocrx_word' id='word_1_646' title='bbox 2498 4736 2655 4797; x_wconf 84' lang='lat' dir='ltr'>ratio</span> <span class='ocrx_word' id='word_1_647' title='bbox 2684 4735 3023 4808; x_wconf 88' lang='lat' dir='ltr'>electionis,</span> <span class='ocrx_word' id='word_1_648' title='bbox 3066 4755 3213 4797; x_wconf 88' lang='lat' dir='ltr'>cum</span> <span class='ocrx_word' id='word_1_649' title='bbox 3231 4740 3512 4801; x_wconf 85' lang='lat' dir='ltr'>nondum</span> <span class='ocrx_word' id='word_1_650' title='bbox 3530 4758 3675 4821; x_wconf 77' lang='lat' dir='ltr'>prae-</span> 
     </span>
     <span class='ocr_line' id='line_1_102' title="bbox 2138 4828 3671 4913; baseline 0.003 -23"><span class='ocrx_word' id='word_1_651' title='bbox 2138 4834 2602 4909; x_wconf 85' lang='lat' dir='ltr'>cognoscantur</span> <span class='ocrx_word' id='word_1_652' title='bbox 2632 4834 2703 4888; x_wconf 87' lang='lat' dir='ltr'>ut</span> <span class='ocrx_word' id='word_1_653' title='bbox 2742 4828 3025 4891; x_wconf 86' lang='lat' dir='ltr'>absolute</span> <span class='ocrx_word' id='word_1_654' title='bbox 3062 4828 3299 4905; x_wconf 80' lang='lat' dir='ltr'>futura,</span> <span class='ocrx_word' id='word_1_655' title='bbox 3328 4834 3443 4893; x_wconf 89' lang='lat' dir='ltr'>sed</span> <span class='ocrx_word' id='word_1_656' title='bbox 3468 4852 3671 4913; x_wconf 87' lang='lat' dir='ltr'>propo-</span> 
     </span>
     <span class='ocr_line' id='line_1_103' title="bbox 2139 4922 3663 5006; baseline 0.001 -23"><span class='ocrx_word' id='word_1_657' title='bbox 2139 4928 2377 4983; x_wconf 89' lang='lat' dir='ltr'>nuntur</span> <span class='ocrx_word' id='word_1_658' title='bbox 2398 4926 2643 4983; x_wconf 86' lang='lat' dir='ltr'>tantum</span> <span class='ocrx_word' id='word_1_659' title='bbox 2672 4927 2755 4983; x_wconf 87' lang='lat' dir='ltr'>ut.</span> <span class='ocrx_word' id='word_1_660' title='bbox 2771 4922 3077 4984; x_wconf 87' lang='lat' dir='ltr'>beneficia</span> <span class='ocrx_word' id='word_1_661' title='bbox 3108 4942 3251 5002; x_wconf 81' lang='lat' dir='ltr'>quoe</span> <span class='ocrx_word' id='word_1_662' title='bbox 3270 4926 3443 4987; x_wconf 89' lang='lat' dir='ltr'>Deus</span> <span class='ocrx_word' id='word_1_663' title='bbox 3468 4934 3663 5006; x_wconf 82' lang='lat' dir='ltr'>potest,</span> 
     </span>
     <span class='ocr_line' id='line_1_104' title="bbox 2141 5013 3671 5098; baseline 0.001 -23"><span class='ocrx_word' id='word_1_664' title='bbox 2141 5015 2239 5076; x_wconf 90' lang='lat' dir='ltr'>cui</span> <span class='ocrx_word' id='word_1_665' title='bbox 2254 5013 2543 5090; x_wconf 80' lang='lat' dir='ltr'>voluerit,</span> <span class='ocrx_word' id='word_1_666' title='bbox 2568 5015 2877 5088; x_wconf 86' lang='lat' dir='ltr'>conferre,</span> <span class='ocrx_word' id='word_1_667' title='bbox 2895 5020 3197 5095; x_wconf 85' lang='lat' dir='ltr'>tanquam</span> <span class='ocrx_word' id='word_1_668' title='bbox 3220 5018 3431 5079; x_wconf 83' lang='lat' dir='ltr'>media</span> <span class='ocrx_word' id='word_1_669' title='bbox 3454 5018 3530 5079; x_wconf 81' lang='lat' dir='ltr'>ad</span> <span class='ocrx_word' id='word_1_670' title='bbox 3554 5020 3671 5098; x_wconf 80' lang='lat' dir='ltr'>glo-</span> 
     </span>
     <span class='ocr_line' id='line_1_105' title="bbox 2138 5108 3669 5191; baseline 0.001 -22"><span class='ocrx_word' id='word_1_671' title='bbox 2138 5110 2298 5169; x_wconf 88' lang='lat' dir='ltr'>riam</span> <span class='ocrx_word' id='word_1_672' title='bbox 2340 5108 2771 5181; x_wconf 85' lang='lat' dir='ltr'>obtinendam,</span> <span class='ocrx_word' id='word_1_673' title='bbox 2813 5110 2913 5170; x_wconf 83' lang='lat' dir='ltr'>vel</span> <span class='ocrx_word' id='word_1_674' title='bbox 2948 5114 3251 5187; x_wconf 89' lang='lat' dir='ltr'>tanquam</span> <span class='ocrx_word' id='word_1_675' title='bbox 3296 5110 3441 5171; x_wconf 87' lang='lat' dir='ltr'>finis</span> <span class='ocrx_word' id='word_1_676' title='bbox 3490 5112 3669 5191; x_wconf 85' lang='lat' dir='ltr'>proxi-</span> 
     </span>
     <span class='ocr_line' id='line_1_106' title="bbox 2138 5202 3667 5283; baseline -0.001 -20"><span class='ocrx_word' id='word_1_677' title='bbox 2138 5220 2281 5263; x_wconf 88' lang='lat' dir='ltr'>mus</span> <span class='ocrx_word' id='word_1_678' title='bbox 2300 5202 2565 5280; x_wconf 86' lang='lat' dir='ltr'>alicujus</span> <span class='ocrx_word' id='word_1_679' title='bbox 2590 5220 2705 5263; x_wconf 90' lang='lat' dir='ltr'>con</span> <span class='ocrx_word' id='word_1_680' title='bbox 2714 5220 2883 5283; x_wconf 80' lang='lat' dir='ltr'>gruae</span> <span class='ocrx_word' id='word_1_681' title='bbox 2906 5203 3280 5273; x_wconf 62' lang='lat' dir='ltr'>vocationis,</span> <span class='ocrx_word' id='word_1_682' title='bbox 3302 5221 3493 5283; x_wconf 82' lang='lat' dir='ltr'>quam</span> <span class='ocrx_word' id='word_1_683' title='bbox 3520 5206 3667 5265; x_wconf 83' lang='lat' dir='ltr'>Deus</span> 
     </span>
     <span class='ocr_line' id='line_1_107' title="bbox 2136 5292 3665 5373; baseline 0.001 -20"><span class='ocrx_word' id='word_1_684' title='bbox 2136 5294 2439 5373; x_wconf 63' lang='lat' dir='ltr'>praenovit</span> <span class='ocrx_word' id='word_1_685' title='bbox 2476 5292 2866 5357; x_wconf 76' lang='lat' dir='ltr'>infallibilem</span> <span class='ocrx_word' id='word_1_686' title='bbox 2902 5294 3257 5357; x_wconf 80' lang='lat' dir='ltr'>habituram</span> <span class='ocrx_word' id='word_1_687' title='bbox 3294 5297 3588 5371; x_wconf 80' lang='lat' dir='ltr'>effectum,</span> <span class='ocrx_word' id='word_1_688' title='bbox 3614 5296 3665 5355; x_wconf 83' lang='lat' dir='ltr'>si</span> 
     </span>
     <span class='ocr_line' id='line_1_108' title="bbox 2136 5386 2512 5452; baseline 0.005 -3"><span class='ocrx_word' id='word_1_689' title='bbox 2136 5386 2512 5452; x_wconf 77' lang='lat' dir='ltr'>conteratur.</span> 
     </span>
    </p>
   </div>
   <div class='ocr_carea' id='block_1_10' title="bbox 3796 3428 3828 5983">
    <p class='ocr_par' dir='ltr' id='par_1_12' title="bbox 3796 3428 3828 5983">
     <span class='ocr_line' id='line_1_109' title="bbox 3796 3428 3828 5983; baseline 0 0"><span class='ocrx_word' id='word_1_690' title='bbox 3796 3428 3828 5983; x_wconf 95' lang='lat' dir='ltr'> </span> 
     </span>
    </p>
   </div>
   <div class='ocr_carea' id='block_1_11' title="bbox 3794 3428 3830 6164">
    <p class='ocr_par' dir='ltr' id='par_1_13' title="bbox 3794 3428 3830 6164">
     <span class='ocr_line' id='line_1_110' title="bbox 3794 3428 3830 6164; baseline 0 0"><span class='ocrx_word' id='word_1_691' title='bbox 3794 3428 3830 6164; x_wconf 95' lang='lat' dir='ltr'> </span> 
     </span>
    </p>
   </div>
  </div>
 </body>
</html>
