3850 6225
638 391 771 443 cn.
810 392 866 442 V.
900 389 1269 444 soaquTua
1300 387 1707 442 omscnonzs
1740 384 1986 440 CONTRA
2020 385 2378 439 nochNAu
2411 383 2670 444 cspt‘rts,
2707 381 2843 436 mc.

112 503 391 550 causam
432 509 565 551 non
592 497 795 570 potest
826 493 993 553 Deus
1032 492 1319 554 absoluto
1360 497 1505 552 actu
1545 507 1706 570 proe-

112 579 393 642 definire
426 589 493 644 et
525 585 685 646 velle
730 592 799 646 nt
834 603 953 664 ego
994 585 1181 646 velim
1220 584 1509 656 mentiri3
1558 582 1705 661 quia

112 673 233 732 hoe
284 675 463 736 velle
521 695 735 739 meum
784 684 915 739 tam
964 683 1060 740 est
1106 684 1289 757 turpe
1338 677 1651 756 objectum
1681 719 1701 750 ,

112 784 315 844 quam
340 768 561 847 ipsum
585 771 1008 847 mendacium,
1035 770 1293 832 includit
1322 770 1489 830 enim
1508 773 1705 830 totam

110 857 281 918 illius
328 861 569 940 objecti
623 865 1093 942 turpitudinem.
1144 863 1329 926 Dices
1372 880 1503 923 non
1543 860 1704 923 velle

112 953 319 1012 Deum
355 959 433 1014 ut
462 972 583 1034 ego
609 956 795 1016 velim
822 957 1245 1028 mendacium,
1278 972 1429 1017 nam
1464 954 1581 1015 sub
1608 954 1705 1016 his

112 1045 391 1106 vocibus
444 1047 781 1110 includitur
828 1049 1107 1111 formalis
1142 1049 1545 1122 deformitas;
1594 1047 1707 1108 sed

118 1137 277 1198 velle
322 1145 403 1200 ut
446 1141 635 1202 velim
674 1141 885 1203 dicere
925 1143 1063 1204 haec
1095 1143 1316 1219 verba,
1354 1159 1496 1222 quae
1538 1141 1605 1202 in
1634 1158 1702 1201 re

116 1237 265 1290 sunt
286 1233 733 1308 mendacium,
765 1236 938 1316 quod
967 1240 1063 1298 est
1084 1235 1409 1298 materiale
1434 1240 1701 1296 tantum.

115 1323 241 1384 Sed
274 1323 409 1386 hoc
441 1345 569 1388 non
610 1329 931 1403 satisfacit,
974 1329 1119 1408 quia
1148 1331 1317 1390 Deus
1356 1327 1419 1388 in
1452 1345 1528 1389 ea
1550 1343 1709 1405 proe-

110 1415 497 1481 definitione
540 1439 669 1482 non
710 1423 842 1483 vult
876 1421 943 1483 in
980 1423 1295 1484 abstracto
1336 1440 1411 1483 ac
1446 1419 1707 1482 confuse

120 1528 219 1570 me
244 1511 423 1572 velle
456 1513 665 1576 dicere
706 1515 843 1576 haec
883 1516 1101 1590 verba,
1148 1516 1263 1577 sed
1297 1515 1397 1576 hic
1424 1520 1488 1576 et
1516 1533 1707 1586 nunc,

122 1609 181 1663 et
210 1621 367 1664 cum
396 1606 525 1667 hac
556 1607 1013 1670 existimatione
1038 1615 1100 1671 et
1127 1608 1481 1688 cognitione
1508 1627 1523 1680 ;
1560 1625 1710 1686 ergo

126 1715 353 1758 revera
402 1701 547 1762 vult
586 1719 687 1762 me
736 1701 895 1763 velle
933 1701 1107 1782 loqui
1144 1709 1363 1764 contra
1402 1706 1703 1774 mentem,

128 1791 297 1869 quod
324 1798 437 1853 est
468 1794 719 1855 mentiri
747 1814 763 1869 ;
796 1799 859 1856 et
893 1795 1061 1857 idem
1090 1802 1186 1857 est
1214 1795 1469 1857 evidens
1496 1793 1563 1856 in
1599 1811 1708 1854 vo-

126 1885 367 1945 luntate
416 1886 737 1948 homicidii
778 1895 887 1949 aut
912 1889 1113 1969 turpis
1141 1888 1527 1950 concubitus.

200 1977 581 2058 Aliquorum
602 1985 917 2060 refutatur
942 1981 1159 2045 evasio.
1184 2015 1263 2028 -
1295 1981 1543 2046 Ultimoe
1572 1997 1707 2042 eva-

130 2070 281 2135 sioni
304 2075 681 2137 aecum-itur.
710 2107 791 2122 -
817 2075 941 2139 Sed
970 2077 1145 2136 aiunt
1170 2082 1369 2138 totum
1397 2073 1551 2134 illud
1577 2091 1707 2134 ma-

134 2166 345 2227 teriale
373 2173 559 2229 actus
582 2170 825 2248 peccati
852 2187 989 2230 esse
1013 2170 1274 2242 bonum,
1300 2187 1444 2230 cum
1468 2167 1545 2228 sit
1569 2185 1705 2242 ens,

136 2265 193 2319 et
214 2259 359 2321 ideo
390 2279 589 2340 posse
618 2261 817 2323 Deum
849 2262 1133 2324 absolute
1162 2261 1229 2323 id
1255 2261 1437 2324 velle.
1486 2261 1609 2324 Sed
1642 2261 1709 2322 in

138 2353 247 2411 hoc
288 2359 549 2426 errant,
600 2354 749 2434 quia
794 2373 921 2416 non
966 2355 1359 2434 distinguunt
1392 2355 1554 2415 inter
1598 2353 1708 2413 bo·-

134 2463 281 2504 num
341 2447 807 2510 transcendens
840 2495 855 2521 ‚
912 2453 975 2510 et
1038 2449 1277 2509 bonuin
1346 2447 1701 2508 honestum.

134 2539 237 2598 Est
300 2538 527 2618 itaque
598 2541 751 2602 illud
808 2541 1047 2602 honum
1104 2538 1651 2602 transcendentale
1689 2584 1706 2612 ,

136 2649 261 2690 non
324 2651 487 2694 vero
548 2633 881 2696 honestum
952 2634 1313 2714 simpliciter
1350 2653 1367 2706 ;
1438 2638 1501 2694 et
1566 2633 1709 2694 ideo

138 2741 261 2784 non
317 2731 533 2804 potest
586 2726 813 2789 cadere
860 2727 1224 2808 simpliciter
1284 2727 1401 2789 suh
1457 2726 1709 2787 absolu·

142 2823 263 2876 tam
326 2824 390 2880 et
448 2819 772 2881 efficacem
821 2821 935 2881 Dei
990 2821 1398 2882 voluntatem.
1468 2818 1595 2882 Sed
1642 2817 1709 2880 id

144 2913 341 2971 solum
384 2914 559 2990 quod
604 2913 669 2975 in
711 2932 787 2974 eo
832 2921 977 2976 actu
1021 2915 1283 2994 positivo
1324 2919 1529 2992 potest
1567 2929 1705 2972 esse

146 3005 499 3078 honestum,
542 3013 748 3084 potest
780 3008 947 3070 Deus
988 3008 1173 3081 velle,
1218 3006 1513 3068 nimirum
1556 3023 1705 3066 con-

146 3116 391 3161 currere
422 3099 501 3161 ad
530 3101 707 3161 illum
734 3106 803 3163 ut
828 3120 1081 3163 causam
1112 3101 1400 3180 primam,
1434 3098 1483 3161 si
1513 3118 1703 3161 causa

144 3193 413 3253 secunda
446 3194 533 3253 ad
560 3194 734 3255 illum
762 3212 831 3255 se
859 3194 1393 3266 determinaverit,
1426 3199 1611 3273 prout
1636 3192 1703 3253 in

146 3286 443 3364 superiori
470 3287 687 3366 capite·
710 3286 1096 3349 declaratum
1136 3292 1251 3347 est.
1296 3286 1701 3365 Respondent

148 3380 359 3455 adhuc,
406 3379 555 3441 licet
580 3381 647 3441 in
674 3398 750 3443 eo
776 3387 921 3443 actu
944 3380 1117 3441 nulla
1143 3381 1223 3441 sit
1248 3381 1499 3441 bonitas
1529 3379 1703 3439 suffi-

152 3474 309 3535 ciens
338 3478 407 3535 ut
434 3480 695 3553 propter
724 3492 793 3535 se
830 3474 1215 3553 praefiniatur
1239 3519 1255 3547 ,
1310 3491 1451 3535 esse
1488 3480 1703 3533 tamen

152 3584 321 3643 posse
345 3567 565 3627 utilem
594 3566 677 3627 ad
704 3568 1001 3628 honestos
1027 3566 1189 3628 fines
1220 3586 1237 3639 ;
1284 3572 1349 3627 et
1372 3566 1491 3627 hoc
1513 3564 1701 3626 modo

154 3678 325 3738 posse
372 3660 580 3721 Deum
634 3660 917 3721 absoluta
958 3659 1279 3720 voluntate
1321 3659 1493 3719 illum
1540 3658 1701 3718 velle

157 3759 257 3813 aut
296 3754 707 3832 proedefinire.
760 3754 885 3815 Sed
934 3760 1151 3815 contra
1192 3755 1311 3815 hoc
1355 3758 1449 3815 est
1497 3752 1701 3831 primo

160 3846 301 3906 illud
330 3846 503 3910 Pauli
536 3846 647 3923 (ad
678 3848 859 3907 Rom.
892 3848 953 3926 3)
988 3866 1005 3907 2
1048 3846 1199 3913 Nou
1234 3851 1379 3909 sunt
1416 3845 1702 3924 facienda

160 3941 329 4011 mala,
350 3946 421 4003 ut
442 3942 694 4004 veniant
716 3942 866 4003 bona
882 3966 907 4014 ,·
935 3945 1319 4019 quapropter
1346 3957 1473 4000 non
1498 3942 1704 4018 potest

165 4033 403 4095 honeste
432 4036 631 4097 amari
658 4042 841 4115 turpe
866 4034 1147 4097 medium
1170 4034 1252 4095 ob
1271 4034 1607 4094 honestum
1632 4032 1704 4093 fi-

164 4144 317 4199 nem,
344 4128 463 4189 nisi
484 4129 658 4208 prius
686 4128 1003 4208 turpitudo
1032 4127 1302 4188 tollatur.
1341 4124 1581 4187 Deinde
1610 4128 1704 4185 est

170 4218 310 4279 illud
342 4220 645 4299 Sapientis
676 4222 931 4299 (Eccles.
968 4222 1069 4299 15)
1110 4238 1123 4281 ε
1170 4219 1319 4284 Non
1346 4222 1493 4281 eunt
1517 4220 1573 4281 ei
1600 4236 1703 4281 ne-
1732 4251 1739 4259 ·

173 4315 404 4376 cessae-ii
456 4316 721 4377 laomim
774 4313 949 4395 impii
974 4336 1002 4387 ,·
1054 4331 1185 4375 non
1251 4330 1403 4393 ergo
1461 4311 1703 4390 indiget

170 4405 323 4465 Dens
360 4414 495 4469 actu
542 4407 803 4487 peccati,
858 4414 927 4468 ut
970 4406 1179 4469 medio
1226 4405 1582 4466 necessario
1621 4404 1703 4465 ad

172 4499 421 4577 aliquem
450 4501 641 4562 finem
668 4520 709 4561 a
740 4518 809 4562 se
850 4501 1266 4579 praestitutum
1290 4520 1309 4573 3
1350 4498 1523 4559 nulla
1550 4516 1703 4579 ergo

176 4592 389 4655 ratione
414 4594 587 4655 illum
616 4594 925 4675 praefinire
954 4599 1177 4673 potest.

744 4837 996 4900 CAPUT
1044 4838 1113 4899 V.

222 5048 527 5095 SOLVUNTUR
558 5046 937 5095 ommni-:s
975 5047 1205 5093 comm
1244 5046 1655 5094 Assmmormu

596 5142 827 5189 cums
870 5140 1227 5187 summotus·

258 5337 307 5395 t.
344 5334 549 5399 Prima
594 5336 839 5417 objectio
882 5354 959 5399 σω
1012 5336 1347 5417 Scriptum
1393 5354 1595 5400 saera.
1621 5368 1703 5383 -·

194 5428 383 5489 Contra
404 5432 755 5510 praedictam
784 5432 1196 5494 assertionem
1225 5431 1411 5511 objici
1436 5433 1703 5509 possunt

196 5522 453 5601 imprimis
488 5526 787 5587 nonnulla
826 5526 1159 5605 Scripturas
1203 5524 1591 5599 testimonia,
1634 5524 1701 5585 in

3232 379 3343 440 121

1784 489 2018 568 quihus
2045 487 2340 550 affirmari
2371 487 2619 548 videtur
2647 503 2874 566 pravas
2907 483 3212 564 quasdam
3241 484 3352 546 ho-

1785 584 2030 644 minum
2056 583 2336 644 actiones
2365 599 2442 642 ex
2473 581 2587 641 Dei
2619 578 2900 649 consilio,
2931 576 3250 638 voluntate
3277 595 3350 638 ac

1784 675 2194 755 praefinitione
2232 675 2426 736 fuisse
2465 673 2798 754 profectas,
2845 670 3038 744 Quale
3076 675 3168 731 est
3197 669 3352 731 illud

1786 769 2014 831 Genes.
2054 771 2136 830 45
2169 786 2184 828 ε
2229 768 2376 833 Non
2409 773 2606 830 vestro
2646 765 2927 837 coneilio,
2971 765 3077 828 sed
3106 765 3223 827 Dei
3253 783 3352 827 vo-

1785 865 2022 928 lumtate
2049 865 2162 928 hue
2195 863 2423 925 missae
2451 879 2586 926 eum
2607 885 2636 933 ,·
2673 865 2767 921 est
2795 865 3009 920 autem
3037 875 3244 920 sermo
3272 858 3350 920 de

1784 957 2144 1019 venditione
2191 956 2428 1034 Joseph
2451 999 2472 1031 ,
2530 953 2702 1033 quod
2752 953 2870 1014 fuit
2915 952 3353 1032 gravissimum

1786 1050 2027 1112 crimen
2051 1050 2316 1111 fratrum
2351 1049 2508 1128 ejuS.
2551 1047 2732 1119 Quod
2759 1051 2972 1108 autem
2998 1045 3104 1106 illa
3131 1045 3355 1106 volun-

1784 1149 1881 1205 tas
1905 1142 2094 1204 fuerit
2121 1142 2548 1204 efficacissima
2571 1147 2632 1203 et
2655 1140 3049 1222 praefinifiva,
3077 1145 3250 1218 patet
3273 1157 3353 1200 ex

1786 1253 1926 1314 cap.
1987 1238 2088 1309 50,
2151 1235 2258 1296 ubi
2300 1235 2380 1296 de
2433 1235 2660 1296 eadem
2709 1234 3028 1294 voluntate
3082 1232 3347 1293 dicitur:

1785 1331 1962 1395 Num
1989 1329 2104 1392 Dei
2127 1345 2452 1410 poseamus
2479 1330 2765 1392 resistere
2787 1327 3088 1390 volantati
3105 1327 3134 1386 ?
3169 1325 3352 1387 Simi-

1791 1421 1873 1483 lia
1900 1427 2048 1483 sunt
2073 1421 2426 1482 testimonia
2457 1423 2752 1483 Actorum
2782 1421 2821 1482 2
2851 1438 2865 1480 ε
2898 1421 3087 1482 Heme
3113 1417 3353 1498 definito

1792 1515 2044 1580 omitto
2089 1519 2148 1578 et
2187 1515 2582 1597 praescientia
2625 1515 2741 1576 Dei
2780 1513 3079 1577 traditum
3099 1537 3126 1584 ;
3169 1513 3354 1572 Acto-

1792 1627 1936 1670 rum
1958 1611 2038 1670 4:
2077 1608 2484 1672 Convenerunt
2503 1609 2796 1680 Herodes,
2825 1613 2974 1680 etc.,
3001 1611 3196 1680 faeere
3220 1622 3355 1685 quoe

1790 1721 2014 1768 mamae
2069 1708 2177 1766 tua
2237 1705 2294 1765 et
2355 1701 2676 1766 eonsilium
2741 1704 2912 1764 taum
2973 1700 3354 1764 decreverunt

1779 1797 1938 1878 fieri.

1874 1893 2160 1956 Secunda
2199 1909 2273 1955 ex
2317 1889 2682 1973 Auqaetino.
2711 1921 2794 1938 -
2821 1887 3130 1960 Secundo,
3167 1887 3350 1966 objici

1788 1990 2052 2066 possunt
2101 1986 2290 2046 verba
2328 1984 2679 2064 Augustini,
2727 1983 2806 2044 de
2849 1983 3016 2043 Corr.
3065 1987 3128 2042 et
3163 1987 3346 2060 grat„

1790 2099 1930 2159 cap.
1981 2083 2018 2140 7
2041 2123 2056 2150 ,
2101 2079 2208 2139 ubi
2231 2124 2248 2152 ‚
2303 2095 2676 2157 comparans
2726 2081 2986 2138 caetems
3021 2073 3354 2154 Apostolos
3453 2127 3460 2132 .

1790 2191 1936 2236 cum
1986 2171 2171 2244 suda,
2227 2171 2314 2232 ait
2360 2189 2374 2232 :
2428 2171 2589 2234 Illos
2635 2170 2816 2248 eleqit
2859 2169 2944 2232 ad
2980 2167 3354 2231 obtinendum

1786 2281 2045 2346 requam
2086 2264 2391 2337 calm-um,
2429 2263 2610 2326 illum
2645 2265 2727 2327 ad
2753 2261 3174 2343 effundendam
3209 2277 3354 2322 ean-

1786 2359 2026 2442 ffieinem
2051 2375 2248 2420 suum.
2294 2357 2528 2420 Similia
2558 2357 2748 2418 habet
2775 2373 2965 2436 super
2991 2353 3215 2416 Psalm.
3249 2354 3348 2414 34.

1871 2453 2084 2517 Tertia
2121 2471 2192 2516 σω
2217 2454 2474 2517 ratione.
2493 2451 2822 2526 -Tertio‚
2867 2450 3136 2511 sumitur
3169 2467 3353 2528 argu-

1790 2553 2074 2606 mentum
2097 2565 2174 2606 ex
2199 2547 2639 2626 reprobatione
2669 2563 2886 2607 eorum
2915 2545 3020 2624 qui
3047 2545 3353 2606 damnan-

1794 2646 1921 2712 tur-3
1947 2640 2118 2700 nulla
2138 2642 2306 2702 enim
2325 2658 2402 2702 ex
2420 2647 2598 2720 parte
2617 2657 2832 2700 eorum
2849 2639 3032 2700 datur
3049 2639 3352 2719 reproha-

1786 2733 1974 2796 tionis
1992 2751 2184 2794 causa
2209 2752 2225 2806 ;
2253 2733 2450 2794 voluit
2469 2751 2620 2812 ergo
2641 2734 2810 2794 Deus
2832 2751 2940 2794 eos
2965 2749 3217 2811 aregno
3245 2722 3352 2794 cx-

1784 2828 2060 2907 pellere,
2107 2826 2595 2908 praedefiniendo
2625 2826 3096 2888 damnationem
3127 2845 3350 2889 eorum

1786 2928 1932 2982 ante
1956 2939 2208 2984 omnem
2227 2921 2677 3000 praescientiam
2701 2927 2948 2982 actuum
2975 2937 3216 2993 eorum;
3239 2920 3351 2982 sed

1784 3015 1891 3076 illa
1918 3015 2206 3076 voluntas
2233 3013 2493 3076 includit
2528 3013 3088 3094 praedefinitionem
3125 3031 3350 3094 pecca-

1785 3116 2014 3185 torum,
2042 3110 2122 3172 ob
2144 3127 2284 3187 quae
2309 3108 2689 3171 damnantur
2715 3128 2726 3169 :
2759 3127 2930 3189 erge.
2955 3107 3156 3188 Major
3177 3114 3349 3187 patet

1784 3221 1861 3265 ex
1889 3204 1994 3264 illo
2022 3202 2104 3263 ad
2131 3204 2309 3263 Rom.
2336 3204 2377 3264 9
2417 3220 2430 3262 :
2477 3200 2816 3283 Antequam
2856 3200 3176 3283 quidquam
3213 3201 3350 3263 boni

1782 3300 1891 3359 aut
1912 3295 2069 3359 mali
2093 3294 2378 3374 eqiesent,
2411 3300 2528 3357 etc.
2561 3314 2576 3368 ;
2612 3301 2673 3357 et
2697 3314 2775 3357 ex
2791 3294 2936 3357 illo:
2967 3294 3069 3357 An
3099 3312 3214 3356 non
3243 3296 3348 3358 Ita-

1783 3389 1875 3451 bet
1895 3392 2254 3471 potestatem
2273 3388 2528 3468 fiqulus,
2561 3394 2758 3469 facere
2787 3388 2961 3451 aliud
2979 3388 3213 3469 quidem
3236 3406 3346 3451 vae

1780 3482 1849 3543 in
1889 3482 2186 3554 houm-eon,
2235 3485 2292 3542 et
2335 3482 2508 3545 aliud
2547 3483 2614 3544 in
2663 3482 3082 3545 contumeliam
3102 3482 3131 3541 ?
3173 3487 3236 3541 ct
3271 3498 3348 3541 ex

1782 3574 1889 3636 illo
1919 3593 1934 3635 :
1977 3574 2145 3647 Quod
2167 3576 2228 3637 ei
2255 3575 2420 3637 Deae
2439 3620 2454 3647 ,
2491 3575 2694 3639 volens
2725 3576 3028 3639 ostendere
3062 3573 3247 3648 iram,
3288 3579 3350 3636 et

1782 3672 1989 3731 notam
2038 3672 2231 3747 facere
2275 3668 2606 3749 potentiam
2653 3686 2828 3732 enam
2855 3716 2874 3744 ‚
2931 3668 3232 3731 sustinuit
3279 3667 3348 3729 in

1780 3762 1980 3825 multa
2015 3761 2320 3839 patientia
2359 3779 2508 3825 vara
2549 3762 2664 3824 iroe
2707 3766 2856 3843 apta
2899 3760 2968 3822 in
3003 3759 3342 3833 interitum,

1784 3858 1904 3915 etc.
1935 3873 1951 3926 ;
1991 3852 2144 3915 etin
2171 3853 2275 3915 illo
2311 3872 2324 3913 τ
2359 3854 2444 3915 In
2471 3856 2578 3917 Ῑιοσ
2611 3854 2814 3937 ipsum
2850 3853 3110 3917 excitavi
3151 3860 3228 3925 te,
3275 3859 3348 3916 ut

1784 3948 2092 4011 ostendam
2131 3947 2200 4008 in
2241 3952 2299 4011 te
2339 3948 2628 4011 virtutem
2657 3966 2850 4011 mam
2873 3970 2900 4019 ,·
2943 3943 3112 4024 quod
3157 3946 3346 4005 etiam

1784 4038 1978 4099 Exod.
2010 4042 2050 4100 9
2079 4038 2312 4101 dictum
2345 4045 2499 4101 erat.
2524 4040 2810 4118 Denique
2839 4038 3134 4100 Proverb.
3163 4039 3240 4097 16
3253 4036 3350 4097 di·-

1784 4133 1944 4193 citur
1979 4151 1992 4191 :
2042 4132 2259 4195 Omnia
2270 4136 2522 4213 propter
2549 4134 2931 4214 semetipsam
2957 4135 3238 4213 operatus
3257 4136 3352 4195 eet

1782 4223 2099 4300 Dominus,
2122 4225 2374 4307 impiwm
2392 4242 2616 4306 quoque
2633 4226 2715 4288 ad
2728 4226 2882 4288 diem
2899 4226 3162 4296 malum;
3195 4241 3346 4301 ergo

1784 4318 2250 4397 praedestinavit
2294 4318 2457 4379 Deus
2511 4318 2832 4379 hominem
2873 4316 3212 4397 reprobum
3265 4316 3348 4377 ad

1783 4412 1950 4473 diem
2011 4411 2296 4483 malum;
2351 4418 2414 4473 et
2459 4412 2600 4473 ideo
2649 4411 2816 4472 illius
2867 4412 3053 4471 etiam
3098 4410 3348 4473 ruinam

1786 4504 2118 4583 prat-finivit
2141 4550 2156 4577 ,
2200 4510 2268 4565 ut
2301 4504 2364 4563 in
2395 4522 2472 4565 eo
2503 4504 2796 4565 virtutem
2839 4521 3018 4563 suam
3059 4504 3348 4565 ostende-

1784 4604 1902 4657 ret.
1943 4597 2120 4660 Unde
2149 4598 2553 4677 AugustinuS,
2597 4596 2676 4657 de
2709 4596 3066 4658 Proedestin.
3097 4599 3350 4659 Sancto-

1784 4708 1949 4763 rum,
1995 4690 2198 4769 capite
2239 4693 2336 4763 14,
2379 4689 2690 4769 significat
2727 4690 3086 4769 hujusmodi
3110 4688 3348 4751 homini

1782 4782 2077 4861 reprobo,
2117 4782 2166 4843 si
2207 4782 2542 4862 aliquando
2575 4784 2784 4862 justus
2822 4784 2920 4856 sit,
2968 4784 3154 4843 vitam
3203 4801 3350 4862 pro—

1782 4874 1949 4947 duci,
1984 4875 2186 4939 donec
2221 4894 2258 4935 a
2277 4876 2516 4955 justitia
2545 4876 2769 4950 cadat;
2811 4880 2875 4937 et
2905 4875 2984 4937 de
3015 4878 3173 4937 Don.
3205 4894 3350 4955 per-

1782 4984 2012 5041 sever.‚
2045 4985 2184 5048 cap.
2220 4972 2296 5030 12
2329 4987 2343 5029 ε
2376 4968 2743 5051 Plerumque
2767 4970 2899 5047 (ait)
2920 4969 3348 5050 festinantibus

1771 5062 2152 5143 parentibus,
2201 5068 2260 5124 et
2287 5064 2536 5143 paratis
2581 5062 2892 5126 ministris
2933 5068 3006 5127 ut
3047 5063 3349 5144 baptisma

1777 5154 2037 5236 parvulo
2063 5157 2260 5231 detur,
2289 5156 2412 5219 Deo
2431 5156 2682 5229 nolente,
2714 5173 2835 5217 non
2859 5156 3064 5228 datur,
3091 5152 3194 5235 qai
3217 5172 3347 5217 eum

1778 5248 2108 5329 parvulum
2131 5247 2200 5309 in
2219 5249 2329 5312 hae
2351 5248 2482 5311 vita
2503 5266 2622 5309 non
2645 5249 2840 5311 tenuit
2861 5252 2934 5311 ut
2961 5249 3210 5311 daretwr
3226 5272 3254 5319 ,·
3285 5253 3348 5307 et

1782 5358 1921 5418 cap.
1959 5343 2070 5413 14,
2111 5342 2196 5403 ait
2229 5338 2588 5420 hujusmodi
2617 5340 2904 5401 homines
2937 5358 3064 5400 non
3093 5339 3338 5413 salvari,

1784 5433 1930 5512 quia
1957 5451 2086 5493 non
2113 5438 2260 5495 sunt
2287 5432 2742 5513 praedestinati3
2789 5439 2848 5493 et
2877 5450 3016 5511 cap.
3043 5432 3144 5504 22,
3175 5429 3346 5491 simi-

1776 5526 1875 5587 les
1902 5526 2246 5588 sententias
2269 5526 2484 5599 habet,
2516 5525 2743 5604 quibus
2771 5525 2946 5585 illum
2972 5524 3230 5585 modum
3252 5524 3348 5585 di-
