3850 6225
712 407 881 461 sssc'r.
917 407 954 461 1.
992 406 1205 461 uram!
1238 408 1473 465 uentu
1506 405 1861 463 V1v1F1cA‘rA
1898 410 2186 467 VALEANT
2217 414 2302 467 Al>
2335 414 2662 481 Pnormmt,
2697 420 2833 474 mc,

152 523 315 565 nam
348 505 575 570 beatus
596 524 711 586 per
754 508 926 572 illam
970 509 1277 571 visionem
1335 510 1506 573 videt
1532 512 1727 571 Deum

150 616 225 659 se
290 599 656 662 laudantem
700 607 956 681 propter
1030 602 1198 663 bona
1246 621 1437 683 opera
1480 622 1619 682 quae
1642 603 1733 665 fe-

152 692 267 763 cit,
320 693 639 754 meritoria
679 694 819 755 talis
848 694 1103 757 visionis
1129 715 1145 768 ;
1204 714 1353 775 ergo
1412 704 1479 758 ut
1509 696 1597 757 sic
1626 696 1729 757 illa

148 784 321 845 visio
356 786 548 848 habet
600 786 911 847 rationem
956 789 1215 867 praemii.
1259 788 1461 865 Unde,
1516 789 1565 849 si
1616 807 1731 869 per

152 896 309 939 eam
340 879 704 941 ostendatur
732 880 917 953 DeuS,
962 888 1032 943 ut
1070 882 1337 943 laudans
1364 888 1425 943 et
1454 882 1612 944 dans
1636 882 1729 943 vi-

152 971 414 1033 sionem
460 978 715 1052 propter
758 974 937 1053 plura
976 976 1233 1049 merita,
1278 974 1425 1036 licet
1467 994 1594 1036 non
1652 974 1729 1037 sit

152 1064 375 1143 major
414 1066 595 1141 visio,
652 1067 769 1127 erit
786 1068 991 1145 majus
1026 1069 1371 1147 praemium,
1400 1068 1725 1149 majorque

152 1158 368 1237 gloria
398 1160 563 1239 apud
580 1160 805 1235 Deum,
830 1161 976 1240 quia
995 1168 1091 1223 est
1116 1162 1338 1243 majori
1370 1180 1514 1223 eum
1541 1162 1731 1223 laude

154 1251 389 1313 notitia
414 1258 475 1313 et
500 1252 657 1313 visio
684 1253 879 1333 ipsius
906 1254 1033 1316 Dei.

246 1347 351 1405 10.
402 1343 705 1409 Secunda.
736 1378 818 1393 —
844 1346 1132 1410 Secundo
1164 1348 1461 1423 inferunt,
1490 1369 1605 1430 per
1631 1369 1730 1411 ac-

152 1444 265 1498 tus
307 1438 627 1499 eharitatis
663 1440 1077 1519 procedentes
1110 1460 1147 1503 a
1184 1443 1385 1522 gratia
1418 1449 1482 1505 et
1512 1444 1730 1505 habitu

154 1532 484 1593 charitatis
500 1532 707 1593 minus
722 1533 1021 1609 intensos,
1046 1540 1155 1597 aut
1178 1536 1365 1597 etiam
1384 1555 1511 1598 non
1531 1537 1729 1599 inten-

154 1626 365 1687 siorcs
392 1644 579 1705 quam
603 1626 727 1689 sint
756 1628 871 1707 ipsi
902 1628 1175 1703 habit‘uS,
1208 1648 1333 1690 non
1359 1632 1585 1693 mereri
1611 1650 1728 1693 nos

152 1720 440 1799 aliquem
458 1739 691 1781 novum
716 1722 981 1802 gradum
1010 1724 1223 1802 gratiae
1258 1723 1357 1785 vel
1386 1725 1723 1800 charitatiS,

148 1833 371 1893 neque
398 1833 629 1877 novum
652 1816 983 1877 essentiale
1015 1817 1366 1896 praemium,
1398 1818 1567 1899 quod
1600 1838 1729 1879 non

150 1914 331 1970 esset
356 1908 659 1982 dandum,
704 1909 946 1971 etiamsi
974 1929 1101 1972 non
1147 1915 1354 1973 essent
1380 1912 1505 1973 alia
1541 1912 1730 1973 meri-

150 2008 250 2073 ta;
288 2002 439 2081 quia
482 2020 688 2091 neque
740 2002 806 2062 in
844 2003 1083 2078 habitu,
1130 2022 1337 2085 neque
1375 2004 1439 2065 in
1468 2006 1726 2085 praemio

144 2099 369 2173 potest
394 2095 607 2157 excedi
654 2095 914 2157 latitudo
962 2096 1269 2159 intensiva
1307 2098 1719 2179 praecedentis

146 2187 605 2268 dispositionis,
639 2208 779 2269 quae
811 2196 906 2251 est
926 2208 1041 2269 per
1078 2196 1273 2253 actus.

238 2286 341 2343 11.
386 2282 617 2346 Tertia.
649 2314 733 2329 —
749 2283 1025 2344 Tertium
1046 2284 1441 2347 corollarium
1466 2292 1583 2360 est,
1606 2304 1720 2365 per

148 2393 575 2455 quaecumque
622 2394 817 2456 opera
860 2376 1155 2438 virtutum
1202 2380 1553 2454 moralium,
1610 2386 1719 2441 aut

152 2469 353 2531 etiam
371 2468 919 2549 Theologicarum,
952 2476 1211 2551 excepta
1244 2473 1565 2545 charitate,
1600 2490 1729 2535 uon

152 2562 389 2623 mereri
426 2581 545 2623 nos
592 2563 923 2642 praemium
969 2566 1323 2639 essentiale,
1371 2566 1729 2629 distinctum

152 2656 237 2716 ab
283 2656 390 2717 illo
422 2656 593 2734 quod
618 2658 959 2737 respondet
992 2658 1231 2721 actibus
1272 2659 1487 2721 elicitis
1522 2678 1560 2720 a
1586 2660 1731 2721 cha-

152 2750 389 2821 ritate;
422 2750 567 2829 quia
600 2750 659 2809 hi
692 2750 804 2811 soli
828 2756 971 2811 sunt
996 2749 1277 2830 proxima
1312 2752 1631 2831 dispositio
1646 2752 1729 2814 ad

153 2844 449 2905 habitum
476 2844 817 2917 charitatiS,
846 2850 906 2905 et
928 2844 1069 2905 ideo
1094 2864 1217 2928 non
1244 2846 1584 2907 intenditur
1608 2847 1727 2908 nisi

144 2938 337 3015 juxta
364 2956 585 2999 eorum
608 2937 1043 2999 intensionem.
1076 2937 1208 3009 Quo
1234 2938 1305 2999 fit
1330 2945 1396 2999 ut
1422 2940 1473 3000 si
1492 2946 1727 3019 marty-

152 3031 349 3103 rium,
381 3030 555 3091 verbi
583 3030 805 3109 gratia,
840 3030 938 3091 vel
963 3031 1363 3111 eleemosyna
1386 3032 1727 3113 procedant

154 3141 235 3183 ex
259 3123 507 3186 actibus
526 3125 845 3185 charitatis
866 3142 1045 3204 aeque
1069 3125 1349 3200 intensiS,
1380 3144 1505 3187 non
1522 3128 1726 3207 majus

152 3218 491 3296 praemium
530 3216 863 3280 essentiale
894 3218 1381 3297 correspondeat
1400 3220 1507 3280 uni
1535 3239 1727 3300 quam

154 3309 381 3382 alteri,
412 3310 559 3390 quia
598 3310 919 3389 dispositio
960 3316 1053 3372 est
1087 3312 1365 3392 oequaliS,
1420 3317 1483 3374 et
1524 3313 1613 3374 sic
1645 3313 1723 3376 de

154 3403 299 3464 aliis
342 3403 589 3464 actibus
631 3403 929 3464 virtutum
959 3449 975 3478 ,
1035 3411 1615 3486 quantumcumque
1664 3407 1727 3468 iu

154 3517 273 3558 suo
314 3515 549 3578 genere
578 3498 678 3559 vel
726 3498 935 3577 specie
981 3507 1327 3578 appareant
1362 3499 1721 3578 inaequales.

152 3593 231 3652 Et
260 3610 299 3650 e
328 3609 655 3664 converso,
690 3591 741 3652 si
770 3591 1067 3654 minimus
1100 3597 1277 3654 actus
1312 3593 1725 3676 eleemosynae

154 3685 269 3745 fiat
302 3703 381 3746 ex
412 3691 557 3746 actu
584 3685 905 3746 intensiori
934 3685 1272 3760 charitatis,
1311 3704 1500 3766 quam
1530 3688 1729 3748 maxi-

155 3797 303 3839 mus
344 3782 521 3839 actus
548 3779 997 3858 cujuscumque
1039 3779 1279 3840 virtutis
1310 3780 1587 3854 moraliS‚
1640 3780 1725 3842 illi

158 3871 679 3950 correspondebit
722 3873 929 3952 majus
976 3873 1303 3951 praemium
1367 3873 1720 3936 essentiale.

158 3968 249 4024 Ac
275 3965 575 4044 denique,
606 3971 1065 4044 consequenter
1086 3965 1427 4046 loquendo,
1468 3968 1517 4028 si
1548 3972 1725 4030 actus

158 4058 433 4118 aliarum
454 4059 769 4132 virtutum,
791 4059 979 4120 etiam
1006 4059 1371 4130 infusarum,
1408 4061 1561 4122 liant
1588 4060 1723 4122 sine

157 4150 432 4230 imperio
486 4152 825 4224 charitatis,
876 4152 1117 4214 nullum
1158 4154 1483 4233 praemium
1512 4172 1726 4216 essen·

48 4305 59 4316 ,
158 4246 309 4306 tiale
340 4248 773 4321 merebuntur,
796 4251 861 4308 et
898 4247 985 4310 sic
1004 4247 1083 4310 de
1104 4247 1241 4310 aliis
1264 4266 1403 4326 quae
1432 4247 1613 4312 facile
1632 4249 1727 4308 in-

156 4339 307 4400 ferri
329 4347 613 4420 possunt.

244 4434 345 4493 12.
388 4431 521 4506 Qua
536 4435 772 4498 ratione
800 4435 1117 4513 defendant
1136 4437 1358 4498 merita
1381 4436 1505 4498 hoee
1528 4435 1728 4498 valere

158 4527 243 4587 ad
258 4527 591 4606 proemium
614 4527 952 4591 essentiale.
983 4559 1065 4572 —
1094 4527 1237 4610 Cap.
1272 4527 1453 4594 etiam
1480 4529 1547 4590 in
1570 4529 1633 4604 4,
1662 4528 1719 4592 d.

160 4621 263 4692 14,
312 4625 529 4701 quoest.
581 4622 641 4694 Ξ,
692 4624 775 4686 ad
824 4627 854 4684 1
910 4619 1088 4686 Sooti
1122 4625 1333 4686 eontra
1370 4623 1409 4683 2
1442 4639 1633 4696 cono„
1670 4625 1729 4686 et

159 4713 401 4788 Alens„
432 4733 491 4795 q.
526 4717 625 4784 12,
660 4717 869 4780 memb.
901 4719 964 4786 4,
996 4721 1117 4780 art.
1146 4717 1295 4777 6.-
1312 4716 1727 4778 Nihilominus

158 4813 381 4868 tamen
408 4807 648 4870 addunt
673 4813 961 4870 auctores
988 4809 1177 4888 hujus
1206 4807 1551 4882 sententiae,
1592 4827 1727 4870 om-

158 4901 265 4961 nia
280 4902 507 4962 merita
522 4901 893 4964 mortificata
906 4901 1274 4962 reviviscere
1296 4901 1375 4962 ad
1394 4902 1725 4980 praemium

160 4993 501 5057 essentiale
532 5014 549 5068 3
599 4995 769 5075 quia,
820 4994 871 5056 si
906 4994 989 5054 ad
1016 4993 1135 5055 hoc
1166 5013 1293 5056 non
1324 4994 1723 5070 reviviscunt,

158 5089 449 5150 absolute
472 5107 601 5149 non
626 5088 1001 5150 reviviscunt
1024 5107 1041 5161 3
1073 5092 1134 5149 et
1156 5088 1297 5168 quia
1326 5106 1453 5148 non
1480 5094 1575 5149 est
1599 5106 1727 5150 ma-

152 5183 259 5261 jor
270 5182 435 5242 ratio
454 5181 533 5242 de
550 5200 676 5242 uno
692 5183 915 5244 merito
928 5199 1119 5260 quam
1134 5181 1212 5243 de
1226 5181 1373 5255 alio;
1390 5188 1451 5244 et
1465 5182 1611 5260 quia
1628 5200 1727 5242 ra-

160 5276 391 5349 tiones,
416 5280 481 5336 et
506 5276 856 5338 testimonia
873 5293 1011 5354 quae
1030 5275 1109 5336 de
1126 5293 1253 5336 uno
1268 5275 1556 5355 probant,
1587 5293 1725 5354 pro-

163 5370 398 5430 cedunt
412 5370 477 5430 in
498 5369 789 5432 omnibus
804 5369 869 5430 in
884 5367 1104 5430 ordine
1120 5369 1202 5430 ad
1226 5367 1555 5430 essentiale
1572 5387 1727 5448 prae-

163 5463 381 5524 mium.
410 5463 491 5525 Ut
516 5463 637 5524 hoc
660 5468 872 5524 autem
886 5479 1105 5524 verum
1122 5461 1221 5539 sit,
1244 5481 1371 5524 non
1392 5467 1612 5541 putant
1632 5480 1725 5522 es-

166 5575 229 5618 se
248 5555 677 5620 necessarium
694 5557 813 5618 hoc
832 5555 1181 5636 pree-mium,
1210 5555 1274 5616 in
1286 5556 1525 5618 ratione
1542 5555 1725 5616 visio-

3246 416 3357 481 461

1812 511 1907 573 nis
1924 530 2036 575 seu
2052 514 2451 579 beatitudinis
2467 519 2836 594 essentialis,
2853 540 2990 583 esse
3009 522 3366 586 distinctum

1808 604 1911 665 vel
1931 625 2162 669 novum
2189 610 2456 690 gradum
2477 614 2532 692 ej
2543 632 2636 687 u8‚
2657 613 2847 674 alium
2867 615 3072 677 abillo
3092 616 3198 694 qui
3218 636 3370 678 con-

1810 699 2042 761 tritioni
2078 708 2142 763 et
2173 704 2414 766 meritis
2444 706 2850 783 sequentibus
2877 710 3320 788 correspondet
3348 756 3365 784 ,

1813 792 1923 851 sed
1943 792 2247 857 illummet
2262 797 2544 875 pluribus
2561 798 2750 859 titulis
2762 800 3078 872 collatum,
3101 802 3368 881 ideoque

1808 884 2011 962 magis
2031 886 2466 963 honorificum,
2499 897 2562 951 et
2579 892 2677 971 cuj
2687 892 2906 953 usdam
2927 894 3182 973 majoris
3205 896 3371 956 aesti-

1808 978 2100 1039 mationis
2127 986 2188 1041 et
2215 984 2468 1043 moralis
2493 984 2724 1045 valoris
2757 1004 2774 1057 ;
2825 985 2970 1065 quia
2998 1004 3112 1064 per
3143 988 3372 1049 contri-

1806 1068 2044 1131 tionem
2071 1072 2140 1133 fit
2167 1080 2235 1135 ut
2261 1076 2392 1137 haec
2417 1077 2638 1138 eadem
2668 1078 2864 1158 gloria
2895 1086 2958 1140 et
2983 1080 3102 1141 vita
3137 1086 3370 1143 fleterna

1812 1161 2138 1243 debeatur,
2173 1186 2300 1229 non
2319 1170 2518 1231 solum
2549 1172 2788 1233 ratione
2819 1173 3224 1247 contritioni5‚
3259 1175 3372 1238 sed

1812 1254 2000 1316 etiam
2029 1258 2268 1322 ratione
2308 1263 2584 1324 omnium
2613 1265 2980 1328 meritorum
3013 1268 3371 1347 praeceden-

1810 1348 1988 1409 tium.
2033 1352 2164 1413 Hoc
2193 1372 2344 1434 ergo
2381 1357 2532 1417 satis
2556 1364 2648 1419 est
2677 1365 2746 1419 ut
2773 1360 2985 1420 omnia
3015 1359 3120 1420 illa
3146 1362 3371 1423 merita

1811 1440 2100 1505 dicantur
2131 1446 2500 1511 reviviscere
2539 1452 2622 1512 ad
2649 1454 2978 1531 praemium
3011 1455 3364 1517 essentiale.

1809 1535 1886 1595 Et
1916 1544 2220 1615 quantum
2263 1542 2344 1603 ad
2387 1545 2548 1605 hanc
2577 1545 2855 1605 ultimam
2894 1554 3134 1627 partem
3155 1593 3170 1622 ‚
3201 1549 3372 1610 favet

1808 1628 2073 1690 multum
2097 1632 2430 1713 cajetanus
2453 1636 2588 1699 loco
2609 1657 2800 1719 supra
2820 1640 3027 1715 citata,
3050 1642 3199 1701 dum
3223 1641 3372 1705 dicit

1808 1723 2178 1787 reviviscere
2207 1728 2416 1789 omnia
2447 1732 2691 1803 merita,
2735 1732 2882 1794 licet
2903 1751 3032 1794 non
3060 1734 3142 1796 ad
3169 1740 3368 1796 totum

1808 1818 2162 1894 praemium,
2193 1825 2252 1880 et
2271 1820 2354 1881 ad
2382 1822 2501 1883 hoc
2529 1824 2678 1885 satis
2703 1843 2865 1899 esse,
2895 1831 2964 1885 ut
2989 1826 3211 1889 eadem
3235 1828 3372 1907 glo-

1808 1908 1901 1969 ria
1945 1928 2022 1970 ex
2079 1910 2362 1991 pluribus
2409 1916 2716 1995 capitibus
2773 1918 3079 1981 debeatur
3103 1938 3119 1993 ;
3173 1938 3370 1999 quan-

1808 2018 2000 2079 quam
2028 2004 2128 2065 ille
2158 2023 2286 2066 non
2317 2006 2657 2071 declaravit
2683 2009 2852 2071 illam
2879 2012 3139 2092 gloriam
3167 2013 3370 2075 solum
3415 2034 3430 2047 ·

1806 2097 2157 2158 mensurari
2199 2098 2526 2162 latitudine
2575 2102 2896 2165 intensivae
2945 2107 3329 2168 contritionis
3348 2152 3368 2183 ,

1800 2187 1898 2248 vel
1941 2192 2237 2269 postremi
2268 2199 2444 2256 actus
2486 2195 2802 2259 charitatis
2841 2216 3089 2260 summe
3117 2199 3366 2277 intensi,

1800 2281 1909 2360 qui
1950 2282 2012 2344 in
2042 2284 2164 2346 vita
2193 2284 2282 2347 fit.

1962 2536 2230 2602 Censura
2255 2541 2314 2603 et
2339 2540 2672 2621 reprobatio
2701 2542 2878 2605 diotoe
2907 2541 3225 2626 opinionis.

1896 2750 1991 2813 13.
2039 2750 2186 2815 Solo
2227 2751 2462 2817 nomine
2501 2756 2764 2818 concedit
2809 2756 2935 2821 hoeo
2971 2758 3168 2839 opinio
3215 2760 3372 2823 revi-

1807 2842 2160 2908 viscentiam
2185 2845 2535 2909 meritorum
2573 2849 2658 2911 ad
2679 2851 3006 2929 proemimn
3030 2849 3366 2917 essentiale.

1807 2967 1888 2982 —
1917 2937 2091 2997 Hanc
2119 2939 2494 3000 sententiam
2517 2984 2532 3011 ,
2575 2940 2786 3018 quoad
2811 2942 3220 3005 assertionem
3249 2946 3370 3006 hoc

1806 3028 1944 3091 loco
1984 3030 2309 3103 intentam,
2346 3032 2754 3107 salsissimam
2782 3051 2927 3107 esse,
2971 3044 3032 3098 et
3059 3039 3248 3102 menti
3285 3040 3366 3101 D.

1810 3125 2055 3188 Tnmnoe
2105 3125 2594 3191 adversissimam
2632 3172 2648 3201 ‚
2707 3127 2860 3190 dixit
2889 3129 3036 3192 Soto
3066 3177 3082 3205 ,
3119 3132 3184 3192 in
3231 3133 3370 3196 loco

1808 3219 2016 3280 citato.
2051 3218 2354 3284 Ledesma
2377 3238 2528 3280 vero
2553 3219 2764 3298 addit,
2795 3240 2860 3286 se
2885 3231 3045 3287 certo
3084 3227 3241 3288 scio-e
3277 3228 3372 3289 ita

1806 3329 1933 3374 esse
1955 3311 2356 3390 falsissimam
2377 3356 2393 3386 ,
2433 3316 2505 3376 nt
2532 3312 2621 3374 sit
2647 3316 2836 3377 etiam
2859 3333 3106 3381 erronea
3125 3343 3153 3392 ,·
3185 3324 3246 3382 et
3267 3318 3373 3400 qni

1810 3406 1916 3468 hoc
1936 3406 2308 3485 praedicaret
2327 3405 2570 3486 populo.
2608 3408 3135 3487 pessimeffaoeret,
3169 3415 3226 3474 et
3249 3431 3374 3476 me-

1806 3498 1932 3560 rito
1979 3502 2133 3560 esset
2181 3517 2220 3560 a
2268 3497 2746 3562 Proesidentibus
2799 3502 3100 3567 Ecclesioe
3151 3523 3374 3588 maqna

1802 3609 1982 3670 poena
2007 3591 2416 3654 mulctandus.
2451 3591 2583 3671 Ego
2607 3611 2757 3654 vero
2785 3594 3031 3656 omissis
3067 3600 3370 3673 censuris,

1807 3683 1980 3744 illam
2007 3683 2370 3764 opinionem
2403 3683 2625 3748 falsam
2655 3704 2792 3748 esse
2821 3705 3058 3761 assero,
3083 3695 3144 3750 et
3173 3709 3250 3752 ex
3275 3693 3375 3754 in-

1806 3777 1987 3837 firmo
2007 3777 2416 3838 fundamento
2431 3777 2860 3859 philosophico
2881 3779 3076 3844 multa
3097 3783 3162 3844 in
3175 3786 3374 3848 Theo·

1805 3867 1970 3948 logia
1991 3869 2320 3931 admittere
2340 3869 2640 3944 absurda,
2665 3875 2727 3934 et
2747 3875 3070 3936 sententiis
3091 3877 3368 3952 Pati-um,

1807 3963 1933 4024 imo
1959 3969 2022 4025 et
2039 3963 2452 4026 Conciliorum
2477 3971 2538 4026 et
2561 3965 2894 4047 Scripturae
2917 4015 2934 4042 ,
2989 3977 3053 4032 et
3080 3972 3370 4033 suavitati

1808 4075 1881 4118 ac
1902 4056 2294 4136 dispositioni
2316 4057 2540 4118 divinae
2562 4059 2962 4137 providentiae
2984 4081 3208 4142 parum
3228 4082 3372 4126 con-

1808 4158 2133 4212 sentanea.
2204 4151 2278 4212 Et
2335 4151 2662 4230 imprimis,
2706 4153 2770 4214 in
2825 4157 3114 4232 praesenti
3169 4177 3372 4238 quaes-

1810 4247 1974 4308 tione
1995 4293 2012 4320 ,
2062 4246 2166 4307 illa
2211 4246 2640 4321 reviviscentia
2697 4249 3064 4311 meritorum
3089 4296 3106 4324 ,
3161 4253 3372 4332 quoad

1805 4339 2132 4420 praemium
2179 4339 2534 4414 essentiale,
2573 4347 2818 4404 tantum
2865 4348 2961 4404 est
2987 4343 3066 4405 de
3097 4346 3231 4407 solo
3255 4366 3372 4409 no·-

1806 4432 1976 4494 mine
2003 4439 2065 4494 et
2089 4433 2264 4494 titulo
2289 4451 2306 4506 ;
2340 4433 2511 4513 quia,
2559 4434 2608 4494 si
2636 4435 2791 4495 nihil
2817 4435 3002 4498 datur
3030 4439 3268 4501 ratione
3296 4440 3372 4500 il-

1806 4527 2012 4588 lorum
2032 4576 2052 4603 ‚
2097 4525 2266 4608 quod
2294 4546 2421 4588 non
2449 4533 2614 4589 esset
2641 4529 2920 4592 dandum
2952 4531 3192 4595 ratione
3221 4553 3372 4596 con-

1808 4621 2076 4682 tritionis
2100 4627 2162 4682 et
2181 4603 2698 4702 subsequentium
2729 4641 3014 4702 operum,
3035 4645 3253 4689 revera
3277 4628 3370 4688 ni·-

1808 4713 1895 4774 hil
1910 4714 2290 4793 prosuntilla
2309 4714 2531 4776 merita
2553 4714 2634 4774 ad
2651 4715 3060 4779 substantiam
3081 4724 3143 4780 et
3157 4738 3371 4782 essen-

1808 4805 1961 4867 tiam
1989 4805 2390 4868 beatitudinis
2416 4825 2432 4880 ;
2453 4825 2600 4868 nam
2617 4807 2852 4870 habere
2869 4811 3157 4874 eamdem
3177 4813 3372 4876 heati-

1806 4899 2092 4960 tudinem
2115 4918 2244 4962 uno
2265 4898 2366 4961 vel
2389 4899 2672 4979 pluribus
2700 4901 2914 4978 titulis,
2928 4922 3154 4984 parum
3176 4905 3372 4968 refert

1810 4993 1891 5054 ad
1920 4994 2256 5054 essentiam
2279 4993 2718 5068 beatitudinis;
2746 4996 2874 5056 imo
2897 4999 2960 5058 et
2977 4997 3058 5058 ad
3085 4999 3371 5060 acciden-

1806 5087 2002 5148 talem
2039 5087 2344 5148 honorem
2396 5087 2495 5148 vel
2535 5088 2836 5166 gaudium
2856 5134 2872 5163 ,
2934 5099 3162 5168 praeter
3217 5091 3370 5154 illud

1808 5180 1979 5259 quod
1998 5180 2331 5242 intrinsece
2359 5180 2620 5242 resultat
2646 5200 2722 5242 ex
2743 5201 2818 5244 eo
2847 5183 3018 5263 quod
3037 5184 3260 5265 aliquis
3281 5191 3372 5246 ta-

1807 5274 1891 5335 lia
1908 5293 2100 5355 opera
2123 5273 2362 5346 fecerit,
2381 5293 2605 5354 parum
2623 5275 2862 5338 confert
2879 5295 2894 5348 ;
2916 5293 3064 5338 nam
3079 5277 3209 5338 fere
3233 5279 3369 5339 nul-

1806 5367 1938 5428 lum
1967 5368 2258 5430 effectum
2286 5367 2592 5430 moralem
2617 5367 2808 5432 habet
2835 5375 3060 5448 praeter
3085 5370 3371 5431 denomi-

1804 5461 2148 5534 nationem,
2175 5479 2290 5522 seu
2311 5459 2680 5522 relationem
2703 5462 3042 5539 quamdam
3068 5464 3370 5524 extrinse-

1805 5573 1968 5632 cam,
1995 5555 2376 5636 pendentem
2401 5573 2478 5616 ex
2499 5554 2845 5618 intentione
2863 5556 2974 5618 Dei
2993 5547 3370 5635 praemiantis
