3850 6225
640 425 775 478 CAP.
810 425 915 476 xtl.
948 423 1075 475 NON
1106 423 1295 476 muns
1326 423 1603 477 niet-:mm
1636 423 2160 477 tNowFERENTtAu
2195 424 2578 488 LIBERTATIS,
2615 424 2750 478 ETC.

124 529 297 596 mndo
349 527 615 588 rationes
664 531 879 610 contra
937 525 1215 604 priorem
1276 524 1651 586 sententiam

124 629 315 694 factaS,
348 640 494 680 nam
527 638 739 680 revera
772 619 1068 680 eamdem
1115 619 1242 678 vim
1288 625 1351 678 et
1384 617 1652 678 efficaci-

124 725 289 780 tatem
320 715 570 774 habent.
600 714 671 774 In
696 713 815 774 hoc
844 730 995 790 ergo
1024 711 1229 790 capite
1258 711 1336 773 de
1360 712 1649 772 libertate

121 810 303 889 quoad
332 806 875 886 specificationem‚
908 823 1021 866 seu
1062 805 1145 865 ad
1190 805 1403 882 plures
1448 811 1645 875 actm,

126 907 391 972 dicemuS‚
421 901 489 960 in
515 904 819 979 sequente
846 917 995 960 vero
1024 899 1103 960 de
1130 898 1417 960 libertate
1439 897 1651 977 quoad

128 995 475 1056 exercitium.

482 1175 995 1242 Fundamentum
1036 1178 1221 1241 ratio.

182 1367 235 1424 2.
280 1363 477 1424 Prima
506 1361 701 1440 igitur
740 1380 815 1422 ac
867 1361 1181 1440 praecipua
1220 1359 1379 1422 ratio
1430 1364 1647 1422 nostra

120 1460 201 1532 sit,
250 1458 409 1537 quia,
458 1457 509 1517 si
560 1457 685 1517 hoc
722 1473 925 1536 genus
973 1455 1643 1534 praedeterminationis

118 1551 503 1612 necessarium
530 1556 633 1610 est
672 1550 855 1611 nobis
880 1547 963 1608 ad
1000 1548 1361 1620 volendum,
1394 1566 1525 1610 non
1552 1555 1647 1610 est

120 1645 171 1704 in
188 1651 376 1705 nostra
402 1648 717 1722 potestate
749 1643 865 1702 nisi
894 1641 958 1702 id
982 1647 1227 1702 tantum
1258 1641 1441 1714 velle,
1474 1641 1644 1720 quod

120 1740 257 1796 Deus
289 1737 411 1796 vult
438 1753 555 1796 nos
592 1735 751 1796 velle
780 1754 797 1808 ;
832 1735 1001 1814 quod
1030 1735 1085 1794 si
1114 1736 1229 1794 hoc
1264 1735 1349 1795 ita
1394 1741 1511 1808 est,
1544 1752 1645 1795 se-

121 1830 295 1909 quitur
314 1829 571 1890 ulterius
606 1847 721 1889 nos
742 1847 871 1889 non
888 1829 1107 1900 libere,
1140 1827 1252 1888 sed
1272 1846 1349 1888 ex
1374 1828 1645 1888 necessi·

123 1931 223 1985 tate
252 1924 609 2002 simpliciter
635 1923 944 1998 omittere,
970 1941 1081 1984 seu
1112 1940 1239 1982 nou
1276 1923 1435 1984 velle
1448 1923 1646 2002 quid-

120 2019 241 2096 quid
278 2019 617 2079 omittimus
648 2017 846 2089 velle;
893 2022 955 2076 et
990 2017 1136 2078 hinc
1184 2023 1645 2095 consequenter

118 2113 173 2172 fit
210 2112 421 2172 nullam
474 2110 831 2172 carentiam
880 2116 1057 2170 actus
1108 2128 1223 2172 seu
1278 2110 1639 2184 voluntatis,

118 2223 233 2285 quoe
264 2205 433 2264 nobis
474 2203 751 2278 accidat,
805 2221 989 2283 posse
1035 2203 1215 2264 nobis
1254 2202 1337 2263 ad
1392 2203 1643 2282 culpam

118 2298 401 2378 imputari,
440 2297 625 2377 quod
668 2303 765 2359 est
804 2303 1020 2376 aperte
1061 2297 1449 2360 haereticum.
1495 2297 1643 2357 Haec

118 2393 297 2454 ultima
324 2390 779 2469 consequentia
818 2391 1161 2452 certissima
1192 2396 1306 2464 est,
1344 2389 1489 2469 quia
1530 2407 1645 2450 ne-

116 2485 359 2546 cessariis
380 2502 495 2544 nec
539 2501 873 2544 meremur
910 2501 1029 2544 nec
1076 2483 1514 2556 demeremur-3
1550 2500 1644 2542 se-

117 2579 287 2638 cunda
330 2596 470 2638 vero
524 2577 731 2637 illatio
790 2577 980 2638 etiam
1028 2582 1123 2638 est
1174 2581 1346 2638 certa
1372 2621 1389 2648 ‚
1450 2575 1598 2654 quia
1622 2617 1640 2650 ,

123 2673 261 2751 quod
284 2691 399 2732 non
426 2675 523 2732 est
556 2671 635 2730 iu
660 2675 967 2750 potestate
994 2673 1231 2742 nostra,
1264 2687 1345 2730 ex
1370 2668 1647 2730 necessi-

132 2773 232 2826 tate
246 2764 559 2837 omittitur3
606 2763 663 2824 si
708 2781 857 2842 ergo
884 2764 1093 2842 ipsum
1118 2763 1278 2822 velle
1308 2780 1437 2823 non
1465 2762 1649 2822 estin

132 2867 305 2919 nostra
326 2863 663 2938 potestate,
712 2857 999 2918 omittere
1043 2855 1195 2917 illud
1232 2874 1361 2916 non
1402 2856 1519 2916 erit
1546 2873 1650 2916 vo-

132 2952 339 3012 luntatis
380 2971 451 3013 ac
484 2950 819 3024 libertatiS,
852 2950 965 3010 sed
1008 2948 1418 3010 necessitatis
1464 2949 1643 3022 Item,

140 3045 203 3104 ob
230 3045 361 3106 hanc
396 3061 687 3119 causam,
738 3043 905 3123 quod
956 3043 1299 3104 omittimus
1349 3060 1428 3102 ex
1468 3041 1648 3121 igno-

132 3142 287 3198 rantie
314 3137 677 3211 invincibili,
724 3138 824 3198 vel
852 3156 929 3199 ex
966 3137 1235 3197 naturali
1272 3142 1337 3197 et
1361 3134 1647 3213 inculpa-

128 3232 211 3291 bili
228 3230 803 3306 inconsideratione,
832 3250 961 3293 non
990 3232 1333 3309 imputatur
1358 3228 1541 3290 nobis
1565 3227 1647 3290 ad

126 3325 353 3403 culpam,
384 3344 501 3387 nec
546 3330 851 3386 censetur
890 3325 1178 3399 liberum,
1220 3321 1332 3383 sed
1358 3320 1645 3383 naturale

125 3439 182 3480 ac
221 3422 651 3493 necessarium,
700 3420 843 3499 quia
888 3438 1017 3481 non
1052 3418 1167 3480 fuit
1218 3418 1283 3479 in
1339 3422 1646 3498 potestate

124 3518 299 3573 nostra
320 3514 383 3574 id
404 3515 563 3575 velle
592 3513 772 3593 quod
797 3514 1179 3592 incognitum
1208 3530 1465 3591 prorsus
1494 3510 1638 3582 fuit;

122 3626 215 3667 nce
236 3608 407 3667 etiam
430 3608 547 3669 suit
592 3608 665 3667 in
710 3612 1015 3685 potestate
1046 3612 1259 3667 nostra
1300 3604 1381 3666 de
1426 3622 1495 3665 re
1540 3603 1645 3663 illa

119 3700 375 3777 cogitare,
400 3718 539 3777 quae
570 3700 833 3761 omnino
882 3699 1311 3779 ignorabatur,
1354 3702 1463 3759 aut
1500 3714 1641 3776 quae

118 3792 359 3853 animum
382 3794 553 3855 nullo
589 3792 785 3853 modo
818 3792 1107 3872 pulsavit,
1136 3792 1306 3871 quia,
1328 3790 1641 3864 videlicet,

118 3885 244 3944 nihil
266 3886 437 3947 nohis
482 3888 759 3948 occurrit
804 3886 975 3966 quod
1016 3887 1225 3964 aliquo
1268 3885 1457 3947 modo
1502 3902 1645 3945 eam

118 3977 515 4057 cogitationem
544 3980 947 4051 excitaverit;
980 3985 1043 4041 et
1064 3979 1183 4039 nisi
1210 3978 1463 4040 aliunde
1493 3978 1643 4039 inci·

117 4072 243 4147 piat,
257 4092 375 4133 non
392 4080 605 4153 potest
623 4094 661 4133 a
678 4074 1028 4153 nobisipsis
1048 4073 1352 4147 inchoari,
1376 4092 1451 4134 eo
1473 4072 1645 4151 quod

118 4165 365 4227 voluntas
383 4186 508 4228 non
530 4167 733 4247 possit
748 4166 895 4229 terri
916 4167 983 4227 in
1002 4166 1414 4246 incognitum,
1434 4182 1643 4245 neque

118 4259 373 4335 applicari
400 4261 789 4322 intellectum
815 4278 943 4321 non
970 4261 1143 4340 prins
1175 4258 1387 4338 aliqua
1416 4260 1643 4321 excita-

118 4354 227 4409 tum
248 4353 636 4431 cogitatione.

186 4444 235 4503 3·
273 4446 351 4509 Ut
364 4448 646 4510 voluntas
673 4446 761 4508 sit
785 4446 993 4521 libera,
1028 4446 1187 4511 debet
1221 4446 1431 4509 habere
1447 4447 1647 4523 potes·-

122 4540 273 4597 tatem
296 4541 639 4618 proximam
664 4540 747 4603 ad
765 4557 943 4601 usim
962 4545 1021 4601 et
1044 4538 1418 4602 omissionem
1444 4542 1641 4600 actus.

124 4659 185 4671 ·-
206 4630 269 4688 Et
292 4631 426 4692 ideo
454 4651 627 4713 soepe
654 4632 719 4691 in
760 4634 879 4692 hac
908 4632 1167 4694 materia
1204 4630 1645 4691 animadverti-

126 4738 259 4795 mus,
282 4725 443 4801 quod
466 4725 533 4785 id
574 4726 847 4787 maxime
884 4726 1309 4787 necessarium
1339 4723 1647 4785 existime-

124 4831 259 4883 mus,
282 4835 397 4877 non
420 4819 569 4879 satis
590 4838 729 4879 esse
750 4818 831 4879 ad
856 4837 1039 4878 usum
1063 4824 1125 4879 et
1146 4818 1551 4879 omissionem
1571 4817 1647 4876 li-

128 4902 305 4967 beram
325 4929 395 4971 ac
418 4911 817 4990 culpabilem,
852 4912 1018 4990 quod
1046 4912 1202 4973 velle
1225 4912 1303 4972 sit
1335 4912 1399 4971 in
1427 4915 1643 4971 nostra

128 5004 389 5073 potestate
416 5010 655 5065 remota
684 5010 744 5066 et
770 5004 1065 5077 radicali;
1095 5004 1333 5065 namin
1355 5004 1641 5083 exemplo

132 5094 387 5165 1›‹›<itode
410 5097 975 5160 inconsideratione
1017 5099 1311 5173 naturali,
1361 5098 1647 5159 absolute

126 5187 273 5245 estin
294 5196 497 5251 nostra
516 5197 819 5270 potestate
843 5192 1285 5266 consideratio,
1308 5198 1549 5252 remote
1572 5210 1647 5251 ac

126 5276 469 5353 radicaliter3
500 5290 733 5359 tamen,
777 5285 925 5363 quia
968 5284 1251 5363 proxime
1291 5302 1409 5345 nec
1452 5283 1648 5345 habe-

129 5386 263 5445 ωυε,
290 5394 401 5437 nec
426 5377 657 5440 habere
684 5396 1023 5459 possumus
1050 5379 1261 5439 omnia
1290 5378 1647 5452 necessaria

132 5468 185 5522 ut
224 5464 319 5527 illa
352 5476 619 5549 potestas
666 5479 909 5535 remota
954 5472 1291 5533 reducatur
1319 5472 1383 5533 in
1410 5477 1643 5543 aetum,

132 5562 437 5631 prasertim
465 5564 725 5645 primam
752 5566 1187 5629 excitationem
1224 5566 1477 5643 mentiS,
1502 5582 1643 5646 quae

3215 421 3292 482 57

1732 523 1813 584 ad
1838 524 2172 588 volendum
2203 527 2560 588 necessaria
2605 530 2719 601 est,
2757 527 2898 588 ideo
2935 527 3296 607 simpliciter

1732 621 1794 677 et
1820 619 2166 694 moraliter,
2183 638 2304 680 nec
2333 621 2492 681 velle
2517 625 2612 680 est
2636 621 2699 680 in
2727 625 2939 680 nostra
2961 625 3291 698 potestate,

1732 729 1849 772 nec
1878 730 2006 772 non
2029 713 2187 774 velle
2217 713 2399 773 nobis
2419 713 2764 792 imputatur
2785 717 2852 773 ut
2874 712 3157 788 liberum,
3185 712 3297 774 sed

1734 811 2068 866 excusatur
2093 812 2164 868 ut
2191 807 2648 880 necessarium;
2696 825 2846 886 ergo
2888 805 3054 868 idem
3083 807 3298 868 dicen-

1734 897 1887 958 dum
1924 905 2020 960 est
2060 901 2304 978 quoties
2349 901 2508 962 velle
2545 899 2824 980 proxime
2860 917 2934 961 ac
2975 899 3296 962 moraliter

1730 1007 1863 1051 non
1892 997 1990 1052 est
2029 993 2094 1052 in
2119 1000 2330 1054 nostra
2352 997 2681 1073 potestate.

1812 1085 1874 1145 4.
1908 1085 2052 1146 Jam
2081 1103 2232 1166 ergo
2259 1086 2562 1165 probatur
2587 1086 2788 1165 prima
2807 1083 3087 1164 sequela,
3115 1084 3297 1145 nimi-

1728 1194 1894 1250 rum,
1926 1178 1980 1238 si
2008 1178 2144 1240 haec
2169 1179 2738 1258 praedeteminatio
2767 1177 3050 1240 effectiva
3079 1194 3295 1238 neces-

1730 1268 1895 1331 saria
1926 1276 2050 1344 est,
2083 1289 2210 1334 non
2241 1291 2380 1334 esse
2425 1273 2490 1332 in
2527 1278 2741 1334 nostra
2777 1275 3084 1351 potestate
3122 1269 3294 1332 aliud

1728 1362 1911 1437 velle,
1945 1369 2172 1442 pra-ter
2199 1364 2352 1427 illud
2381 1365 2464 1426 ad
2490 1363 2660 1444 quod
2689 1383 2726 1424 a
2755 1365 2882 1425 Deo
2911 1363 3293 1425 determina-

1727 1473 1891 1516 mur.
1924 1455 2130 1517 Primo
2155 1457 2431 1536 quidem,
2468 1457 2616 1536 quia
2643 1474 2761 1517 nos
2784 1456 2938 1516 nihil
2965 1456 3124 1517 velle
3151 1473 3292 1535 pos-

1726 1567 1944 1610 sumus
1995 1549 2130 1610 sine
2181 1551 2298 1612 hac
2335 1551 2981 1630 pra-determinatione
3033 1549 3283 1622 divina3

1724 1642 1839 1704 scd
1884 1641 2022 1704 ha’c
2061 1661 2190 1704 non
2233 1647 2330 1706 est
2379 1645 2442 1704 in
2489 1650 2702 1704 nostra
2759 1644 3087 1721 potestate,
3142 1641 3290 1720 quia

1724 1735 1897 1796 nullo
1939 1735 2128 1796 modo
2164 1753 2202 1796 a
2237 1735 2418 1797 nobis
2442 1734 2678 1814 incipit,
2709 1735 2821 1796 sed
2849 1753 2886 1796 a
2912 1735 3075 1807 Deo;
3111 1751 3285 1812 ergo,

1726 1831 1777 1890 si
1810 1831 1978 1891 Deus
2002 1829 2285 1892 adhibuit
2313 1847 2442 1892 suae
2469 1829 2804 1891 voluntatis
2827 1827 3291 1891 determinatio·

1724 1940 1873 1984 nem
1910 1923 1994 1984 ad
2017 1941 2216 1984 unum
2243 1929 2476 1996 actum,
2503 1930 2568 1985 et
2593 1941 2724 1982 non
2752 1922 2834 1984 ad
2861 1921 3040 1996 alim,
3069 1938 3291 1982 omnes

1725 2017 1832 2078 alii
1860 2035 1990 2078 non
2021 2023 2168 2078 sunt
2195 2018 2260 2078 in
2299 2022 2510 2079 nostra
2533 2020 2864 2098 potestate,
2909 2016 3056 2095 quia
3079 2031 3288 2093 neque

1725 2115 1871 2172 ante
1890 2109 2476 2172 determinationem
2503 2111 2674 2172 illam
2703 2109 2816 2171 Dei
2843 2108 2962 2170 fuit
2979 2109 3044 2168 in
3073 2113 3288 2168 nostra

1724 2208 2032 2284 potestate
2059 2203 2267 2264 facere
2313 2210 2384 2265 ut
2419 2222 2550 2264 non
2591 2203 2672 2266 ad
2709 2204 2878 2263 hunc
2913 2204 3144 2272 actum,
3177 2199 3290 2260 sed

1724 2298 1805 2360 ad
1838 2298 2034 2358 alium
2075 2315 2190 2360 nos
2235 2297 2848 2378 praedeterminaret3
2899 2313 3104 2374 neque
3150 2299 3292 2374 post

1723 2390 2310 2453 determinationem
2336 2391 2546 2454 facere
2581 2390 2925 2470 quidquam
2959 2405 3289 2468 possumus

1724 2489 1795 2544 ut
1816 2485 1986 2545 Deus
2012 2484 2095 2545 ad
2132 2485 2286 2546 alios
2314 2491 2492 2546 actus
2537 2502 2654 2545 nos
2701 2481 3095 2545 determinet.
3139 2478 3286 2550 Quoe

1727 2577 1936 2636 omnia
1965 2582 2112 2638 sunt
2143 2577 2452 2638 evidentia
2482 2595 2558 2638 ex
2607 2577 2790 2638 dictis
2833 2591 3022 2654 supra
3073 2575 3288 2633 contra

1728 2670 1897 2730 aliud
1922 2688 2122 2750 genus
2142 2671 2422 2732 formalis
2445 2667 3138 2750 praedeterminationiS.
3161 2664 3292 2726 Un-

1732 2763 1811 2823 de
1832 2783 2052 2825 omnes
2079 2764 2354 2826 rationes
2383 2769 2446 2825 et
2471 2763 2640 2826 modi
2673 2763 2902 2843 quibus
2929 2763 3050 2822 hoc
3073 2757 3158 2820 ibi
3186 2757 3292 2819 de-

1730 2857 2125 2929 claravimus»,
2158 2857 2384 2918 eodem
2422 2863 2606 2937 pacto
2646 2858 2742 2918 hie
2783 2856 3000 2919 sedem
3025 2853 3292 2914 sortiun-

1730 2957 1851 3012 tur.
1884 2953 1992 3014 Est
2019 2969 2294 3030 namque
2322 2957 2540 3030 aperta
2568 2950 2904 3031 implicatio
2925 2949 2991 3008 in
3015 2947 3288 3026 object0‚

1729 3061 2034 3121 asserere,
2066 3062 2250 3125 posse
2268 3062 2386 3105 nos
2409 3043 2616 3106 facere
2641 3043 2876 3123 aliquid
2899 3045 2966 3102 ut
2991 3043 3154 3102 Deus
3175 3057 3292 3099 nos

1726 3138 2262 3219 praedeteminet3
2307 3145 2444 3201 tum
2487 3140 2634 3219 quia
2662 3138 2744 3199 ad
2771 3136 2926 3198 illud
2961 3136 3167 3217 ipsum
3204 3134 3294 3194 fa-

1726 3232 2017 3295 ciendum
2033 3233 2460 3313 indigeremus
2475 3231 3142 3312 praedeteminatione;
3157 3234 3291 3289 tum

1727 3326 1916 3388 etiam
1962 3326 2109 3405 quia
2155 3326 2326 3386 nulla
2368 3325 2686 3403 dispositio
2736 3343 2814 3386 ex
2859 3330 3036 3403 parte
3077 3328 3291 3382 nostra

1728 3418 1990 3497 cogitari
2031 3424 2256 3497 potest.
2286 3418 2368 3479 ob
2391 3436 2583 3497 quam
2611 3416 2722 3478 fiat
2744 3417 2807 3477 in
2830 3416 3014 3477 nobis
3038 3414 3138 3475 vel
3162 3432 3291 3474 non

1724 3510 1835 3573 fiat
1862 3510 2006 3573 talis
2039 3510 2498 3573 determinatio,
2541 3510 2808 3571 Maxime
2847 3528 2990 3571 cum
3019 3510 3158 3569 haec
3185 3507 3291 3568 de-

1725 3605 2084 3667 terminatio
2111 3604 2352 3665 dicatur
2371 3604 2685 3683 pertinere
2707 3604 2788 3664 ad
2810 3602 3172 3683 generalem
3197 3600 3292 3659 in-

1724 3699 1964 3759 fluxum
1995 3715 2198 3759 causae
2227 3697 2464 3776 primoe,
2498 3703 2561 3759 et
2599 3696 3026 3758 necessarium
3050 3694 3128 3755 sit
3161 3711 3292 3754 om-

1724 3810 1873 3853 nem
1922 3791 2394 3871 dispositionem
2445 3808 2524 3851 ex
2577 3808 2654 3853 eo
2703 3808 3014 3851 concursu
3069 3806 3288 3868 proce·

1724 3885 1896 3948 dere.

2005 4004 2340 4086 Responsio
2369 4003 2644 4085 quaedam
2671 4001 2972 4082 rejicitur.

1805 4170 1867 4228 5.
1911 4165 2139 4226 Dicunt
2173 4162 2367 4242 aliq-ui
2413 4162 2774 4243 praevidisse
2826 4164 3028 4223 Deum
3067 4160 3290 4221 volun-

1723 4264 1917 4323 tatem
1945 4257 2216 4319 hominis
2243 4258 2364 4317 hoc
2400 4256 2608 4336 potius
2645 4274 2838 4335 quam
2882 4254 3037 4316 illud
3066 4254 3290 4315 volitu-

1724 4373 1899 4428 ram3
1957 4354 2101 4415 ideo
2129 4353 2402 4415 voluisse
2429 4352 2513 4413 ad
2554 4353 2724 4413 hunc
2750 4352 2958 4432 potius
2982 4354 3190 4413 actum
3219 4348 3290 4409 il·

1725 4449 1851 4509 lam
1900 4446 2320 4509 determinare
2350 4463 2543 4524 quam
2571 4446 2654 4507 ad
2682 4446 2874 4507 alium
2905 4468 2922 4519 ;
2973 4450 3162 4523 atque
3203 4442 3290 4505 ita

1726 4558 1865 4602 esse
1926 4540 1992 4599 in
2051 4543 2356 4618 potestate
2407 4538 2746 4601 voluntatis
2809 4556 3008 4598 unum
3079 4535 3290 4615 potius

1728 4651 1919 4713 quam
1965 4632 2134 4693 aliud
2161 4632 2342 4693 velle.
2375 4632 2498 4695 Sed
2544 4632 2682 4692 haec
2719 4630 3043 4710 responsio
3093 4634 3156 4689 et
3189 4646 3293 4689 re-

1727 4726 2140 4807 pugnantiam
2179 4726 2465 4799 involvit,
2507 4733 2570 4787 et
2619 4744 2747 4787 non
2801 4724 3120 4785 satisfacit.
3161 4722 3290 4784 Pri-

1726 4840 1899 4883 mum
1926 4821 2014 4881 ita
2043 4819 2314 4892 declaro,
2349 4819 2494 4898 quia
2539 4820 2704 4881 Deus
2731 4836 2860 4879 non
2889 4818 3092 4897 potuit
3129 4836 3293 4897 prze-

1724 4916 1938 4977 videre
1979 4914 2132 4994 quid
2160 4914 2450 4975 voluntas
2496 4914 2775 4975 humana
2831 4914 2910 4973 sit
2963 4912 3066 4973 vel
3123 4917 3293 4974 esset

1726 5010 1992 5071 volitura
2021 5054 2036 5081 ‚
2094 5006 2214 5069 nisi
2271 5007 2674 5087 praevidendo
2731 5024 2870 5066 eam
2913 5024 3058 5067 cum
3097 5006 3294 5067 omni·

1727 5102 1845 5163 bus
1874 5099 2248 5162 necessariis
2295 5100 2377 5160 ad
2427 5099 2808 5170 volendum;
2856 5100 2968 5161 sed
2991 5118 3188 5159 unum
3217 5118 3294 5159 ex

1726 5195 2098 5255 necessariis
2148 5200 2216 5253 ut
2260 5196 2396 5273 ipsa
2450 5194 2596 5255 velit
2635 5239 2655 5268 ,
2717 5198 2854 5265 est,
2911 5192 3084 5272 quod
3126 5193 3296 5252 Deus

1728 5286 1875 5348 volit
1912 5286 2084 5349 illam
2123 5288 2307 5359 velle,
2337 5305 2546 5365 neque
2590 5286 2725 5366 ipsa
2767 5290 2974 5367 potest
2997 5284 3296 5345 determi-

1728 5380 1867 5441 nari
1911 5380 1994 5441 ad
2037 5380 2378 5441 volendum
2420 5380 2540 5441 hoc
2573 5379 2780 5459 potius
2835 5394 3024 5457 quam
3073 5375 3245 5436 aliud
3273 5419 3290 5448 ‚

1727 5473 1843 5532 nisi
1880 5490 1986 5533 ex.
2011 5472 2333 5533 voluntate
2393 5476 2456 5532 et
2496 5472 2760 5551 imperio
2804 5471 2917 5533 Dei
2955 5468 3294 5530 efficaciter

1726 5564 2312 5646 praedetenninante
2341 5564 2565 5643 ipsam,
2612 5570 2681 5625 ut
2724 5562 3088 5624 defensores
3129 5578 3292 5641 prae-
